2534 4080
76 167 117 243 78
438 161 596 215 veneni
623 162 824 214 nanninus

164 347 236 410 Nec
253 343 344 426 prius
360 343 515 405 amissam
532 349 663 421 respexi
679 339 891 422 animumque
908 341 1028 419 reflexi,

163 451 273 532 Quam
290 447 453 510 tumulum
470 453 625 525 antiquae
644 443 774 506 Cereris
791 445 971 528 sedemque
988 455 1139 511 sacratam

162 554 341 627 Venimus3
367 551 419 612 hic
436 549 569 610 demum
586 549 731 609 collectis
747 548 901 611 omnibus
918 557 985 613 una

165 657 291 732 Defuit,
309 665 342 718 et
358 653 494 717 comites
510 660 691 733 natumque
707 653 881 734 virumque
897 655 1026 718 fefellit.

76 789 121 842 745
165 762 272 843 Quem
290 768 356 822 nun
373 759 523 821 incusavi
538 763 653 817 umens
670 756 907 839 hominumque
923 760 1127 844 deurumque,

163 867 233 928 Aut
250 863 328 946 quid
345 863 378 924 in
395 868 515 924 eversu
524 860 592 937 vidi
609 860 774 949 crudelius
791 861 894 930 urbe?

164 968 348 1032 Ascanium
366 966 607 1047 Anchisenque
624 974 752 1046 patrem
769 966 984 1050 Teucrusque
1002 969 1135 1033 Penates

164 1072 371 1137 Commendu
387 1069 484 1132 sociis
501 1080 534 1132 et
549 1076 649 1132 curva
666 1069 751 1131 valle
768 1071 913 1133 recondu
923 1091 930 1146 ;

166 1179 243 1260 Ipse
260 1176 374 1239 urbem
392 1176 506 1255 repelu
522 1184 555 1236 et
571 1164 687 1254 cingor
704 1174 911 1254 fulgentibus
927 1187 1035 1241 armis.

77 1310 123 1361 750
164 1281 238 1346 Stat
255 1286 528 1389 casuQenovure
545 1285 669 1351 omnes,
688 1298 887 1360 omnemque
903 1291 1025 1345 reverti

165 1388 226 1449 Per
242 1385 389 1461 Truiamg
403 1392 436 1446 et
453 1390 565 1444 rursus
582 1392 682 1463 caput
698 1382 864 1445 obiectare
882 1386 1022 1465 periclis.

210 1489 373 1571 Principiu
389 1494 501 1549 murus
517 1487 723 1567 obscuraque
741 1487 850 1550 limina
869 1498 994 1569 portae,

166 1595 241 1676 Qua
257 1613 408 1689 gressum
426 1591 617 1665 extuleram,
636 1598 759 1671 repetu,
778 1601 811 1653 et
826 1594 968 1674 vestigia
984 1603 1073 1658 retru

166 1698 352 1762 Observata
370 1716 489 1777 sequor
505 1715 564 1776 per
582 1705 712 1757 noctem
729 1704 763 1757 et
779 1695 902 1765 lumine
919 1698 1032 1761 lustru.
1051 1704 1067 1723 ““

78 1830 124 1881 755
164 1803 293 1865 Horror
310 1800 430 1882 ubique
447 1800 585 1873 animus,
603 1799 700 1861 simul
717 1800 788 1880 ipsa
806 1799 936 1863 silentia
951 1811 1084 1866 terrent.

166 1906 249 1968 lnde
266 1906 410 1979 domurn,
429 1913 456 1965 si
473 1904 558 1965 forte
574 1903 703 1983 pedem,
722 1904 850 1966 sidone
867 1905 1006 1982 tulisset,

168 2011 224 2072 Me
240 2010 357 2072 releru.
399 2008 574 2070 inruerant
593 2008 711 2082 Danai,
726 2018 759 2070 et
774 2015 896 2071 tectum
911 2030 1010 2074 omne
1023 2011 1170 2074 tenebant

165 2100 261 2176 llicet
276 2112 363 2194 ignis
380 2112 463 2175 edax
479 2131 609 2174 sumnia
625 2111 666 2174 ad
684 2112 818 2192 fastigia
834 2122 934 2176 ventu

166 2217 336 2289 Volvitur;
362 2225 562 2297 exsuperant
579 2214 741 2290 flammae,
759 2215 840 2278 furit
858 2227 970 2281 aestus
986 2219 1029 2282 ad
1046 2225 1145 2282 auras,

79 2335 125 2397 760
167 2322 313 2385 Prucudu
329 2330 362 2383 et
381 2322 500 2383 Priami
517 2319 612 2381 sedes
628 2340 804 2416 arcemque
821 2300 949 2384 revisel

167 2530 330 2594 Custudes
347 2530 423 2590 lecti
440 2528 585 2619 Plioenix
602 2537 634 2589 et
651 2528 740 2590 dirus
759 2528 873 2592 Ulixes

168 2634 327 2697 Praedam
345 2618 574 2697 adservabant.
625 2633 702 2694 Huc
720 2633 866 2714 undique
883 2635 983 2697 Trula
999 2656 1081 2717 gaza

168 2739 317 2801 Incensis
334 2746 448 2819 erepta
464 2739 582 2820 adytis,
600 2743 801 2818 mensaeque
818 2739 963 2816 deurum,

81 2856 126 2921 765
169 2844 388 2924 Crateresque
404 2850 485 2905 auru
501 2841 605 2915 solidi,
625 2850 821 2922 captivaque
837 2842 940 2906 vestis

169 2947 375 3028 Congeritur.
425 2947 521 3008 Pueri
537 2955 569 3007 et
587 2944 727 3026 pavidae
745 2945 845 3026 longu
861 2947 975 3011 urdine
993 2956 1113 3012 matres

169 3052 265 3115 Stant
282 3051 413 3114 circum.

168 3156 283 3218 Ausus
299 3164 377 3238 quin
395 3154 494 3217 etiam
511 3161 610 3217 vuces
627 3153 748 3217 iactare
766 3173 826 3235 per
841 3155 991 3219 umbram

170 3260 310 3340 Implevi
327 3261 469 3323 clumure
486 3260 565 3333 vius
585 3269 795 3341 maestusque
813 3259 973 3323 Creusam

82 3389 128 3435 770
170 3365 381 3447 Nequiquam
398 3363 607 3444 ingeminans
624 3363 809 3444 iterumque
826 3363 1011 3446 iterumque
1028 3374 1148 3430 vocuvi.

215 3467 397 3548 Quaerenti
413 3478 446 3530 et
463 3474 556 3530 tectis
575 3467 664 3528 urbis
681 3467 752 3530 sine
769 3469 837 3530 line
854 3469 979 3531 furenti

171 3557 297 3651 lnlelir
309 3571 520 3634 simulacrum
538 3581 637 3653 atque
653 3571 757 3653 ipsius
774 3572 891 3634 umbra
909 3574 1055 3639 Creusae

170 3678 251 3739 Visa
267 3675 347 3737 mihi
363 3686 440 3739 ante
457 3660 615 3738 oculus'et
631 3684 710 3738 nuta
728 3676 830 3739 maior
847 3677 966 3761 imagu.
