2580 4072
153 144 210 187 112
504 134 662 187 VERGlLl
690 133 888 187 AENEIDOS

150 324 194 390 285
237 311 350 395 Atque
366 311 513 376 animum
530 334 618 377 nunc
635 315 699 376 huc
721 314 872 388 celerem,
890 332 980 376 nunc
997 313 1119 377 dividit
1135 313 1163 377 il.

238 418 277 478 In
294 427 472 500 partesque
488 419 575 500 rapit
592 418 700 481 varias
717 438 841 500 perque
858 418 970 480 omnia
986 428 1111 481 versat.

238 523 333 584 Haec
350 522 526 585 alternanti
542 524 651 604 potior
667 523 831 586 sententia
846 520 918 584 visa
934 530 1003 584 est:

238 627 416 689 Mnesthea
434 626 695 708 Sergestumque
710 635 808 689 vocat
823 626 1012 708 fortemque
1030 626 1182 691 Serestur

237 731 385 794 Classem
402 740 518 812 aptent
535 731 625 794 taciti
642 731 813 813 sociosque
831 730 872 792 ad
890 729 985 793 litora
1001 741 1138 813 cogant,

236 836 342 897 Arma
359 845 486 916 parent,
504 845 546 910 et,
565 856 650 917 quae
666 835 766 899 rebus
783 836 825 898 sit
840 854 942 897 causa
957 834 1135 911 novandis

238 939 474 1015 Dissimulent;
500 959 575 1002 sese
591 939 727 1016 interea,
745 939 878 1022 quando
895 938 1023 1020 optima
1040 938 1132 1002 Dido

237 1043 373 1107 Nesciat
389 1053 421 1107 et
438 1053 549 1107 tantos
565 1045 674 1125 rumpi
690 1064 756 1107 non
774 1052 886 1124 speret
902 1062 1043 1119 amoreS,

235 1148 490 1229 Temptaturum
508 1148 626 1224 aditus,
643 1157 677 1212 et
692 1168 777 1231 quae
794 1146 988 1210 mollissima
1004 1146 1101 1210 fandi

235 1253 411 1334 Tempora,
430 1253 503 1334 quis
519 1252 618 1315 rebus
635 1252 749 1315 dexter
766 1251 891 1315 modus.
941 1250 1046 1316 Ocius
1063 1272 1179 1315 omnes

238 1356 383 1437 Imperio
400 1356 478 1431 laeti
495 1366 614 1437 parent
630 1376 669 1419 ac
684 1355 775 1419 iussa
791 1356 972 1420 facessunt.

279 1564 335 1655 At,
343 1564 458 1644 regina
474 1563 621 1626 dolos-
631 1563 705 1646 quis
721 1564 838 1627 fallere
855 1565 960 1645 possit
977 1573 1145 1626 amantem
1157 1563 1243 1624 ?-·-

237 1668 433 1742 Praesensit‚
451 1678 628 1750 motusque
644 1667 775 1748 excepit
790 1667 897 1749 prima
913 1668 1053 1743 futuros,

237 1771 358 1834 Omnia
375 1780 445 1833 tuta
462 1773 591 1834 timens.
640 1771 766 1835 Eadem
784 1770 886 1853 impia
903 1772 1010 1834 Fama
1025 1770 1148 1835 furenti

238 1875 366 1937 Detulit
383 1876 502 1937 armari
519 1876 660 1938 classem
677 1896 876 1957 cursumque
893 1876 1012 1958 parari.

238 1978 351 2042 Saevit
367 1979 464 2060 inops
481 1980 591 2055 animi,
609 1988 781 2062 totamque
798 1979 934 2042 incensa
950 1999 1010 2062 per
1025 1980 1139 2042 urbem

239 2083 435 2157 Bacchatur,
453 2085 559 2164 qualis
577 2084 751 2147 commotis
767 2083 874 2147 excita
890 2084 993 2147 saeris

237 2187 373 2271 Thyias,
392 2186 448 2248 ubi
464 2187 576 2250 audito
595 2187 768 2250 stimulant
782 2187 947 2251 trieterica
965 2188 1098 2252 Baccho

239 2290 343 2371 Orgia
360 2300 609 2373 nocturnusque
625 2302 722 2355 vocat
739 2292 883 2355 clamore
901 2290 1091 2356 Cithaeron.

237 2395 388 2457 Tandem
407 2393 458 2456 his
475 2394 616 2457 Aenean
634 2396 815 2477 compellat
830 2395 968 2458 vocibus
985 2396 1090 2459 ultro:

284 2498 533 2562 “Dissimulare
550 2499 649 2562 etiam
666 2499 818 2580 sperasti,
837 2499 972 2581 perfide,
989 2508 1118 2563 tantum

240 2603 340 2666 Posse
357 2603 461 2678 nefas,
479 2605 666 2685 tacitusque
683 2623 757 2666 mea
774 2603 935 2666 decedere
951 2603 1062 2666 terra?

240 2707 312 2770 Nec
329 2717 361 2769 te
378 2716 490 2769 noster
506 2728 606 2782 amor,
625 2727 686 2770 nec
703 2717 735 2770 te
751 2708 829 2770 data
846 2707 981 2770 dextera
997 2706 1168 2790 quondam,

241 2810 312 2873 Nec
329 2810 487 2873 moritura
503 2821 595 2874 tenet
611 2810 736 2873 crudeli
752 2811 871 2873 funere
889 2809 1001 2874 Dido?

240 2914 329 2995 Quin
346 2914 445 2977 etiam
462 2914 601 2978 hiberno
617 2915 740 2978 moliris
757 2916 864 2978 sidere
880 2915 1030 2990 classem,

152 3043 199 3092 310
241 3019 284 3080 Et
300 3017 417 3080 mediis
435 3038 594 3099 properas
611 3019 819 3101 aquilonibus
837 3018 883 3081 ire
900 3039 960 3099 per
976 3019 1089 3094 altum,

240 3121 415 3185 Crudelis?
463 3121 575 3203 Quid?
599 3121 626 3184 si
642 3143 708 3184 non
726 3143 804 3184 arva
820 3121 927 3184 aliena
943 3121 1125 3205 domosque

243 3226 381 3306 ignotas
398 3236 539 3307 peteres,
556 3236 590 3289 et
606 3226 706 3289 Troia
723 3226 858 3308 antiqua
875 3235 1034 3301 maneret,

241 3329 341 3391 Troia
357 3351 416 3411 per
433 3330 596 3393 undosum
616 3339 783 3410 peteretur
800 3329 961 3392 elassibus
977 3329 1122 3412 aequor?

243 3435 344 3496 Mene
361 3433 473 3513 fugis?
530 3435 591 3495 Per
608 3453 671 3514 ego
688 3434 748 3495 has
765 3433 917 3495 lacrimas
933 3433 1148 3515 dextramque
1162 3412 1263 3490 tuam

331 3545 416 3598 te—
1215 3549 1220 3557 '

190 3666 202 3718 5
246 3638 391 3722 Quando
408 3640 496 3702 aliud
513 3640 592 3703 mihi
609 3638 673 3702 iam
691 3641 831 3703 miserae
848 3638 929 3701 nihil
946 3639 1019 3720 ipsa
1034 3640 1207 3723 reliquis
