2534 4080
432 208 591 262 VERGlLl
618 210 817 264 AENEIDOS

166 387 250 453 Fida
266 410 340 454 reor
357 388 502 452 fraterna
520 389 637 475 Erycis
655 401 836 473 portusque
852 389 1001 468 Sicanos,

164 494 199 559 Si
216 495 314 558 modo
331 494 391 557 rite
409 514 534 557 memor
550 505 681 558 servata
697 495 851 559 remetior
867 498 986 559 astraff'

164 600 251 661 Tum
269 599 342 679 pius
360 599 513 661 Aeneas:
541 594 733 681 “Equidem
752 599 798 661 sic
817 621 952 682 poscere
969 610 1078 663 ventos

167 703 364 765 Iamdudum
383 713 415 765 et
432 704 556 765 frustra
572 724 672 766 cerno
689 713 720 766 te
738 705 875 767 tendere
891 715 1014 768 contra.

166 807 279 870 Flecte
294 807 382 869 viam
398 808 489 870 velis,
538 808 593 869 An
612 807 653 869 sit
669 808 749 895 mihi
765 808 890 889 gratior
906 810 981 885 ulla,

165 912 283 993 Quove
301 911 406 993 magis
424 912 530 973 fessas
547 921 659 992 optem
676 912 849 976 demittere
866 922 977 990 naves,

47 1068 51 1073 .
165 1015 274 1097 Quam
292 1035 376 1097 quae
395 1015 602 1077 Dardanium
620 1017 717 1078 tellus
734 1016 815 1078 mihi
834 1027 944 1080 servat
961 1019 1104 1087 Acesten,

167 1118 210 1182 Et
227 1119 328 1201 patris
346 1119 517 1181 Anchisae
534 1122 659 1200 gremio
677 1121 908 1202 complectitur
924 1122 1021 1184 ossa?
1035 1122 1049 1145 ''

167 1223 261 1287 Haec
278 1224 333 1287 ubi
350 1224 445 1300 dicta,
465 1235 583 1305 petunt
600 1235 724 1306 portus
743 1236 776 1287 et
792 1225 866 1288 vela
882 1226 1019 1288 secundi

166 1329 350 1391 Intendunt
367 1328 530 1412 Zephyri;
556 1329 661 1391 fertur
677 1328 742 1392 cita
759 1329 889 1410 gurgite
903 1329 1026 1404 classis

167 1431 210 1495 Et
225 1433 360 1496 tandem
377 1432 454 1495 laeti
472 1443 570 1496 notae
588 1434 805 1495 advertuntur
822 1435 976 1496 harenae.

209 1538 257 1599 At
273 1538 389 1618 procul
404 1557 445 1599 ex
463 1538 551 1599 celso
569 1537 705 1599 miratus
723 1537 843 1600 vertice
861 1537 983 1600 montis

166 1641 359 1703 Adventum
377 1641 549 1723 sociasque
566 1651 653 1703 rates
670 1643 812 1703 occurrit
830 1642 982 1717 Acestes,

167 1745 331 1807 Horridus
348 1744 381 1806 in
398 1745 513 1807 iaculis
530 1755 562 1808 et
580 1746 665 1826 pelle
684 1745 865 1828 Libystidis
883 1765 988 1820 ursae,

164 1850 266 1911 Trota
282 1849 411 1912 Criniso
428 1858 627 1930 conceptum
645 1849 779 1911 flumine
797 1858 901 1912 mater

166 1953 274 2035 Quem
292 1953 416 2034 genuit.
463 1955 624 2034 Veterum
641 1973 707 2015 non
725 1953 898 2016 immemor
914 1953 968 2015 ille
981 1958 1137 2035 parentum

78 2084 108 2128 40
168 2058 324 2120 Gratatur
341 2059 479 2120 reduces
496 2067 528 2119 et
545 2078 627 2138 gaza
644 2058 750 2120 laetus
768 2060 891 2138 agresti

166 2161 307 2243 Excipit,
325 2182 363 2224 ac
381 2162 489 2224 fessos
506 2161 625 2242 opibus
643 2163 766 2224 solatur
783 2163 906 2224 amicis,

210 2267 345 2328 Postera
361 2286 436 2328 cum
455 2265 559 2346 primo
578 2265 689 2327 stellas
707 2265 845 2328 Oriente
863 2266 996 2347 fugarat

165 2371 263 2434 Clara
279 2371 359 2446 dics,
377 2370 483 2431 socios
501 2370 533 2431 in
551 2380 682 2432 coetum
701 2369 794 2432 litore
812 2368 853 2431 ab
870 2370 961 2432 omni

166 2473 319 2544 Advocat
337 2475 478 2547 Aeneas
497 2473 681 2555 tumulique
698 2493 737 2534 ex
754 2493 877 2554 aggere
895 2474 1002 2536 fatur:

78 2605 108 2655 45
163 2584 183 2622 ·“
198 2578 410 2640 Dardanidae
427 2578 548 2660 magni,
567 2597 674 2658 genus
691 2577 757 2639 alto
774 2597 793 2638 a
810 2559 1103 2658 sanguine'divum,

61 2709 62 2713 ¹
166 2681 309 2746 Annuus
326 2682 448 2746 exactis
466 2681 651 2763 completur
668 2680 838 2742 mensibus
855 2680 951 2755 orbiS,

167 2788 216 2849 Ex
233 2809 297 2870 quo
314 2787 468 2869 reliquias
485 2785 653 2867 divinique
670 2805 745 2846 ossa
763 2787 910 2864 parentis

166 2891 384 2955 Condidimus
400 2901 488 2954 terra
505 2899 714 2971 maestasque
732 2890 936 2951 sacravimus
953 2909 1034 2952 aras.

168 2996 305 3078 lamque
322 2996 401 3070 dies,
420 2996 483 3057 nisi
501 2996 606 3068 lallor,
626 2994 729 3067 adest,
748 3012 846 3074 quem
865 3013 997 3074 semper
1013 2987 1157 3054 acerbum,

81 3126 109 3176 50
164 3100 304 3181 Semper
321 3100 517 3162 honoratum
529 3133 570 3144 -—
582 3098 627 3159 sic
645 3096 678 3158 di
695 3096 844 3159 voluistis
855 3096 1046 3159 -habebo

167 3204 268 3266 Hunc
284 3224 346 3284 ego
364 3203 512 3267 Gaetulis
530 3220 664 3283 agerem
682 3200 708 3262 si
727 3199 881 3284 Syrtibus
898 3200 1000 3275 exsul,

167 3307 367 3388 Argolicove
384 3306 466 3368 mari
482 3307 667 3387 deprensus
685 3313 717 3366 et
735 3303 814 3365 urbe
838 3306 1011 3387 Mycenae,

167 3411 292 3473 Annua
307 3421 384 3474 vota
400 3420 511 3472 tamen
530 3409 772 3490 sollemnesque
791 3409 905 3469 ordine
923 3426 1063 3490 pompas

68 3549 70 3552 >
168 3516 384 3596 Exsequerer,
403 3525 630 3594 strueremque
648 3511 714 3573 suis
731 3510 845 3572 altaria
864 3512 969 3574 donis.

81 3645 109 3696 55
169 3620 267 3682 Nunc
284 3619 369 3681 ultro
387 3620 428 3680 ad
446 3617 573 3679 cineres
590 3614 693 3697 ipsius
711 3626 743 3676 et
760 3634 836 3675 ossa
854 3615 1012 3695 parentiS,

164 3722 285 3801 (Haud
302 3722 454 3807 equidem
472 3721 542 3787 sine
561 3728 670 3788 mente
688 3738 761 3786 reor
778 3719 849 3784 sine
867 3717 1002 3786 numine
1019 3711 1151 3798 divum)
