2534 4080
382 212 496 264 LIBER
522 212 705 280 QUARTUS

121 391 170 454 At
185 390 324 473 trepida,
343 401 375 454 et
391 392 518 473 coeptis
534 391 734 454 immanibus
751 384 856 454 effera
874 391 971 464 Did0,

77 495 305 576 Sanguineam
323 497 458 558 volvens
475 499 589 571 aciem,
607 497 810 578 maculisque
827 504 1006 558 trementes

77 599 249 661 interfusa
266 619 378 679 genas
397 609 430 662 et
448 601 570 681 pallida
586 609 691 663 morte
708 600 830 674 futura,

77 703 242 765 Interiora
259 704 376 765 domus
393 704 550 785 inrumpit
568 705 689 780 limina,
708 713 741 766 et
758 705 841 766 altos

77 807 282 870 Conscendit
299 807 477 870 furibunda
494 829 601 889 rogos,
619 827 799 889 ensemque
816 807 954 869 recludit

79 911 296 986 Dardanium,
316 932 381 973 non
398 913 458 974 hos
475 914 661 993 quaesitum
679 932 800 974 munus
816 911 849 973 in
867 931 954 973 usus.

80 1014 155 1088 Hic,
175 1024 349 1096 postquam
371 1017 488 1078 iliacas
505 1026 615 1079 vestes
631 1025 813 1098 notumque
830 1015 937 1078 cubile

78 1119 269 1200 Conspexit,
288 1120 421 1200 paulum
441 1120 583 1182 lacrimis
600 1130 633 1182 et
650 1130 760 1182 mente
778 1129 913 1194 morata,

79 1222 301 1304 Incubuitque
318 1233 399 1298 toro,
417 1224 564 1305 dixitque
581 1224 761 1286 novissima
777 1223 897 1285 verba:

123 1331 141 1357 “
154 1327 280 1403 Dulces
297 1327 444 1402 exuviae,
463 1328 541 1389 dum
559 1329 629 1389 iata
645 1328 792 1408 deusque
809 1326 946 1402 sinebat,

78 1430 232 1511 Accipite
249 1431 335 1493 hanc
352 1433 506 1506 animam,
525 1453 643 1514 meque
660 1432 711 1494 his
729 1431 888 1494 exsolvite
904 1430 1000 1493 curis.

78 1534 163 1609 Vixi,
181 1542 223 1609 et,
242 1555 339 1616 quem
357 1536 493 1598 dederat
509 1556 641 1598 cursum
658 1536 802 1609 fortuna,
821 1534 953 1625 peregi;

81 1638 124 1700 Et
140 1658 229 1700 nunc
246 1659 369 1719 magna
386 1639 450 1701 mei
467 1639 527 1701 sub
544 1649 649 1701 terras
665 1639 724 1702 ibit
740 1639 859 1720 imago
902 1703 920 1717 ,,
939 1632 997 1748 l}

79 1742 206 1806 Urbem
224 1743 427 1823 praeclaram
444 1745 561 1817 statui;
588 1763 663 1805 mea
680 1743 810 1806 moenia
826 1741 911 1817 vidi;

80 1845 160 1908 Ulta
171 1840 292 1921 virum,
311 1867 436 1926 poenas
453 1847 586 1909 inimico
602 1868 622 1909 a
639 1848 739 1910 iratre
757 1846 888 1928 recepi;

81 1950 180 2025 Felix,
199 1951 263 2012 heu
281 1950 417 2012 nimium
435 1951 522 2026 felix,
541 1954 568 2013 si
584 1953 679 2014 litora
695 1961 824 2014 tantum

81 2054 272 2135 Numquam
292 2055 481 2117 Dardaniae
496 2055 684 2136 tetigissent
701 2065 813 2118 nostra
831 2056 982 2118 carinae!
998 2056 1015 2078 ''

123 2158 223 2231 Dixit,
242 2168 283 2232 et,
301 2179 338 2220 os
355 2159 516 2239 impressa
531 2169 613 2235 toro,
633 2165 651 2190 “
664 2159 846 2221 Moriemur
863 2159 997 2232 inultae,

79 2262 144 2325 Sed
161 2262 368 2324 moriamur’'
386 2263 461 2324 ait‘
489 2268 507 2294 ‘⁴
518 2263 582 2338 Sic,
601 2264 646 2325 sic
664 2263 754 2325 iuvat
770 2263 817 2324 irc
834 2261 895 2324 sub
912 2261 1055 2324 umbras.

82 2366 224 2428 Hauriat
240 2367 328 2428 hunc
345 2367 447 2429 oculis
464 2367 573 2448 ignem
592 2368 734 2430 crudelis
751 2367 793 2429 ab
810 2367 875 2429 alto

82 2470 269 2544 Dardanus
287 2479 319 2532 et
336 2481 468 2533 nostrae
486 2491 598 2532 secum
616 2471 701 2532 ierat
718 2471 829 2532 omina
846 2469 990 2531 mortis.''

83 2570 237 2642 Dixerat;
262 2579 361 2651 atque
378 2570 466 2632 illam
484 2571 592 2632 media
608 2572 695 2631 inter
710 2569 789 2630 talia
805 2570 894 2630 ferro

81 2674 283 2753 Conlapsam
301 2673 465 2754 aspiciunt
481 2676 627 2749 comites,
645 2691 826 2754 ensemque
847 2691 963 2733 cruore

83 2777 309 2865 Spumantem,
327 2798 526 2859 sparsasque
543 2798 671 2839 manus,
721 2777 751 2838 It
768 2776 892 2838 clamor
908 2775 950 2836 ad
967 2777 1034 2836 alta

82 2881 194 2957 Atria;
220 2901 413 2943 concussam
432 2881 614 2944 bacchatur
632 2882 736 2943 Fama
753 2899 812 2960 per
828 2878 953 2940 urbem.

84 2985 260 3072 Lamentis
270 2985 461 3067 gemituque
478 2996 511 3048 et
528 2985 674 3047 feminco
691 2985 818 3046 ululatu

82 3089 184 3152 Tecta
201 3090 362 3166 fremunt;
389 3099 522 3152 resonat
538 3089 668 3170 magnis
686 3087 901 3170 plangoribus
919 3087 1041 3149 aether.

84 3192 159 3256 Non
175 3193 278 3268 aliter,
297 3215 396 3275 quam
413 3193 440 3255 si
456 3192 611 3255 immissis
628 3202 702 3254 ruat
719 3191 868 3254 hostibus
885 3191 992 3253 omnis

85 3296 256 3378 Karthago
274 3307 330 3359 aut
347 3298 482 3379 antiqua
497 3299 615 3381 Tyros,
634 3297 852 3376 flammaeque
869 3295 1019 3355 furentes

84 3401 235 3464 Culmina
252 3423 376 3483 perque
393 3403 562 3464 hominum
581 3403 757 3495 volvaqtrq
774 3419 898 3482 perque
915 3398 1061 3460 deorum.

125 3506 242 3569 Audiit
258 3506 427 3581 exanimis,
445 3507 641 3587 trepidoque
658 3505 813 3568 exterrita
830 3523 927 3566 cursu

86 3610 262 3691 Unguibus
279 3631 336 3673 ora
352 3632 443 3673 soror
460 3611 600 3672 foedans
617 3619 650 3672 et
667 3619 802 3691 pectora
818 3610 939 3690 pugnis

86 3713 144 3776 Per
159 3714 286 3777 medios
303 3716 375 3788 ruit,
393 3735 430 3777 ac
448 3713 642 3776 morientem
660 3713 794 3776 nomine
811 3714 950 3776 clamat:
