2534 4080
385 190 498 243 ernau
525 191 708 258 QUARTUS
1041 203 1100 269 117

79 373 186 445 Haud
203 392 301 435 secus
318 369 465 434 adsiduis
483 370 559 432 hinc
576 379 675 452 atque
693 371 768 432 hinc
786 370 922 434 vocibus
939 373 1036 436 heros

75 477 255 552 Tunditur,
273 485 306 539 et
324 494 445 555 magno
463 475 624 556 persentit
641 484 774 556 pectore
791 495 905 552 curas;

79 584 181 645 Mens
197 581 336 642 immota
352 587 472 653 manet,
491 579 645 642 lacrimae
662 580 840 642 volvuntur
856 580 981 645 inanes.

123 688 212 749 Turn
228 705 308 748 vero
324 683 439 745 infelix
456 684 533 745 fatis
550 685 706 746 exterrita
724 684 812 747 Dido

82 793 228 854 Mortem
245 797 334 864 orat;
359 788 471 851 taedet
487 788 569 851 caeli
584 809 733 851 convexa
749 790 842 852 tueri.

82 896 160 977 Quo
176 894 283 976 magis
301 894 469 974 inceptum
487 903 625 974 peragat
643 895 816 976 lucemque
833 896 1007 978 relinquat,

80 1000 183 1075 Vidit,
202 998 386 1062 turicremis
403 1018 478 1060 cum
495 998 583 1060 dona
599 998 783 1080 imponeret
799 1000 917 1062 aris-

84 1105 297 1167 Horrendum
315 1103 404 1165 dictu
417 1103 601 1165 l-latices
617 1104 806 1184 nigrescere
822 1125 933 1168 sacros

85 1210 241 1290 Fusaque
258 1208 291 1270 in
308 1208 488 1271 obscenum
506 1229 542 1269 se
558 1217 686 1270 vertere
702 1207 780 1270 vina
796 1229 958 1271 cruorem.

87 1315 161 1376 Hoc
178 1313 285 1376 visum
303 1312 392 1387 nulli,
411 1333 477 1402 non
493 1313 557 1393 ipsi
574 1312 678 1374 effata
695 1312 806 1375 sorori.

86 1418 260 1480 Praeterea
276 1417 340 1478 fuit
355 1416 388 1477 in
404 1416 500 1479 tectis
517 1417 558 1479 de
574 1436 737 1478 marmore
754 1417 915 1497 templum

85 1521 243 1602 Coniugis
259 1521 395 1602 antiqui,
413 1522 495 1582 miro
512 1521 600 1602 quod
618 1522 743 1583 honore
760 1520 899 1596 colebat,

85 1625 270 1689 Velleribus
288 1625 391 1687 niveis
407 1635 441 1687 et
458 1625 544 1687 festa
560 1625 680 1687 fronde
696 1625 898 1688 revinctum:

87 1730 175 1792 Hinc
191 1728 339 1792 exaudiri
355 1749 454 1791 voces
470 1739 504 1791 et
519 1729 620 1791 verba
635 1728 785 1791 vocantis

85 1834 164 1897 Visa
179 1833 250 1908 viri,
268 1853 332 1896 nox
348 1854 422 1896 cum
441 1842 545 1895 terras
561 1832 702 1896 obscura
718 1843 864 1909 teneret;

86 1938 229 2020 Solaque
245 1937 444 2001 culminibus
461 1937 557 1999 ferali
571 1937 718 2000 carmine
733 1937 822 2000 bubo

87 2043 193 2124 Saepe
210 2042 304 2124 queri
320 2051 353 2103 et
370 2042 486 2122 longas
503 2041 536 2103 in
554 2041 666 2104 fletum
684 2042 805 2105 ducere
822 2062 939 2117 voces;

87 2148 260 2228 Multaque
277 2155 451 2227 praeterea
467 2155 579 2207 vatum
598 2146 766 2225 praedicta
784 2148 911 2227 piorum

86 2250 237 2313 Terribili
253 2250 380 2312 monitu
398 2250 596 2312 horrificant.
645 2250 728 2329 Agit
746 2250 816 2330 ipse
833 2252 999 2314 furentem

88 2355 126 2417 ln
143 2354 268 2418 somnis
285 2355 376 2416 ferus
393 2355 548 2427 Aeneas;
573 2373 771 2435 semperque
788 2354 929 2437 relinqui

86 2459 164 2523 Sola
179 2458 251 2533 sibi,
269 2478 401 2538 semper
417 2459 550 2538 longam
568 2459 758 2519 incomitata
774 2457 903 2520 videtur

87 2565 139 2626 Ire
156 2565 241 2624 viam
259 2572 292 2625 et
308 2563 427 2646 Tyrios
444 2562 575 2624 deserta
590 2579 750 2642 quaerere
759 2570 861 2623 »terra

87 2666 309 2729 Eumenidum
325 2666 426 2728 veluti
442 2667 579 2728 demens
596 2664 684 2726 videt
700 2664 835 2743 agmina
853 2664 1029 2739 Pentheus,

87 2772 130 2833 Et
146 2771 247 2834 solem
265 2770 433 2851 geminum
451 2780 484 2833 et
499 2769 650 2850 duplices
667 2787 702 2829 se
719 2767 895 2830 ostendere
910 2768 1064 2841 Thebas;

87 2876 157 2937 Aut
174 2875 461 2956 Agamemnonius
478 2873 608 2936 scaenis
623 2872 769 2952 agitatus
786 2871 925 2936 Orestes

86 2980 260 3041 Armatam
278 2978 406 3041 facibus
423 2990 560 3040 matrem
577 2987 611 3039 et
627 2974 838 3056 serpentibus
854 2977 933 3038 atris

88 3084 170 3147 Cum
188 3084 284 3164 fugit,
302 3083 501 3165 ultricesque
518 3081 634 3145 sedent
651 3081 683 3143 in
702 3079 813 3142 limine
831 3079 942 3143 Dirae.

133 3189 223 3269 Ergo
239 3188 295 3250 ubi
311 3189 463 3269 concepit
481 3187 585 3250 furias
599 3187 709 3250 evicta
724 3183 837 3246 dolore

90 3293 312 3374 Decrevitque
328 3291 419 3366 mori,
437 3303 569 3372 tempus
586 3309 698 3354 secum
715 3289 789 3370 ipsa
805 3285 1006 3367 modumque

91 3396 210 3477 Erdgit,
227 3405 270 3470 et,
288 3405 448 3457 maestam
465 3395 561 3458 dictis
577 3413 739 3474 aggressa
755 3410 911 3464 sororem,

89 3500 269 3564 Consilium
287 3500 379 3561 vultu
395 3501 488 3579 tegit,
505 3519 543 3562 ac
560 3518 654 3580 spem
672 3497 781 3559 frome
798 3503 948 3558 serenat:

133 3610 152 3635 “
163 3604 290 3677 Inveni,
308 3622 476 3683 germana,
494 3602 591 3676 viam,
602 3613 784 3681 —gratare
801 3597 904 3665 mirori

93 3707 186 3791 Quae
202 3706 284 3769 mihi
299 3706 415 3768 reddat
432 3725 518 3780 eum,
535 3705 588 3769 vel
603 3723 644 3768 eo
659 3722 713 3767 me
729 3702 835 3767 solvat
850 3720 875 3767 a
