2534 4080
77 184 120 262 96
435 189 593 241 venunt
620 191 818 244 nuunrnos

167 369 268 432 Haud
286 368 398 449 segnis
415 376 517 431 strato
534 368 640 450 surgit
657 368 829 432 Palinurus
846 380 879 434 et
895 392 1012 436 omnes

167 474 327 553 Explorat
341 481 468 547 ventos,
486 481 586 554 atque
603 473 736 536 auribus
751 481 829 537 aera
844 485 976 558 captat;
1004 528 1007 534 .

79 603 105 656 51
111 603 124 656 5
166 577 282 641 Sidera
297 585 417 639 cuncta
434 585 526 638 notat
542 578 642 639 tacito
659 577 804 640 labentia
822 565 924 656 caelo,

166 681 347 743 Arcturum
364 681 559 761 pluviasque
578 681 718 764 Hyadas
736 665 953 765 geminosque
971 687 1112 759 Triones,

166 785 409 866 Armatumque
426 804 506 846 auro
523 784 745 865 circumspicit
763 785 898 850 Oriona.

167 891 344 971 Postquam
362 897 481 950 cuneta
497 888 586 950 videt
603 889 695 951 caelo
713 899 865 953 constare
882 913 1008 969 seren0,

167 994 235 1057 Dat
252 994 375 1057 clarum
393 1013 410 1055 e
428 993 533 1074 puppi
550 994 701 1075 signum;
726 1016 787 1058 nos
804 1006 913 1082 castra
929 1019 1103 1072 movemus,

81 1125 126 1177 520
166 1100 451 1179 Temptamusque
466 1099 553 1160 viam
571 1108 604 1161 et
620 1100 766 1162 velorum
784 1102 961 1181 pandimus
977 1103 1054 1165 alas.

211 1204 349 1284 Iamque
365 1201 561 1265 rubescebat
578 1202 681 1265 stellis
698 1203 830 1267 Aurora
846 1205 980 1286 iugatis,

168 1308 251 1372 Cum
268 1307 382 1388 procul
399 1306 558 1369 obscuros
575 1308 676 1369 colles
693 1308 917 1390 humilemque
933 1293 1079 1373 videmus

168 1413 307 1474 Italiam.
356 1411 487 1473 Italiam
505 1412 630 1492 primus
648 1412 833 1474 conclamat
849 1413 1008 1490 Achates

167 1515 298 1578 Italiam
314 1516 401 1577 laeto
418 1514 498 1577 socii
515 1515 659 1577 clamore
676 1517 829 1579 salutant.

82 1646 126 1698 5²5
167 1620 254 1697 Tum
272 1628 366 1700 pater
383 1619 550 1681 Anchises
568 1640 726 1700 magnum
743 1629 870 1683 cratera
887 1642 1011 1685 corona
1097 1683 1099 1687 .

169 1724 282 1785 Induit
297 1722 513 1805 implevitque
530 1744 629 1798 mem,
648 1723 807 1805 divosque
823 1726 954 1788 vocavit

169 1827 270 1891 Stans
286 1828 374 1890 celsa
391 1827 424 1888 in
442 1827 565 1909 puppi:

169 1932 244 1994 “Di
260 1932 360 1994 maris
376 1941 409 1993 et
425 1941 533 1994 terrae
550 1940 854 2015 tempestatumque
872 1944 1034 2015 potentes

169 2037 267 2098 Ferte
283 2035 371 2097 viam
387 2045 486 2098 vento
504 2037 637 2098 laeilem
655 2046 688 2099 et
704 2037 827 2118 spirate
845 2039 1012 2100 secundi.’'

81 2167 127 2218 530
212 2138 431 2204 Crebrescunt
447 2148 581 2220 optatae
598 2161 706 2215 aurae,
725 2150 906 2222 portusque
923 2144 1062 2223 patescit

169 2245 241 2305 lam
259 2245 401 2325 propior,
421 2244 647 2325 templumque
664 2255 804 2324 apparet
820 2245 852 2306 in
870 2265 946 2308 arce
964 2245 1146 2307 Minervae·

172 2339 252 2412 Vela
269 2348 384 2428 legunt
401 2348 488 2422 socii,
507 2357 539 2410 et
557 2369 670 2428 proras
688 2348 730 2409 ad
746 2349 841 2411 litora
858 2357 1021 2431 torquent.

169 2450 285 2515 Portus
302 2451 343 2513 ab
362 2451 472 2512 Euroo
490 2450 590 2513 fluctu
608 2462 762 2514 curvatus
779 2452 811 2513 in
828 2472 960 2528 arcum;

169 2555 330 2620 Obiectae
346 2554 433 2617 salsa
450 2564 607 2636 spumant
622 2557 799 2635 aspargine
815 2565 938 2629 cautes,

82 2687 140 2738 535*
168 2661 247 2741 Ipse
263 2660 361 2735 latet;
386 2659 519 2740 gemino
539 2658 717 2721 demittunt
735 2659 891 2722 bracchia
907 2681 1001 2724 muro

168 2764 292 2827 Turriti
308 2764 444 2846 scopuli,
464 2765 653 2845 refugitque
671 2763 713 2825 ab
731 2764 825 2826 litore
842 2765 1011 2845 templum.
1087 2812 1092 2823 .
1171 2848 1173 2852 Α

169 2868 335 2950 Quattuor
350 2867 413 2943 hie,
432 2868 574 2949 primum
592 2887 699 2942 omen,
719 2887 821 2949 equos
839 2868 872 2930 in
889 2869 1038 2949 gramine
1053 2865 1116 2931 vidi

168 2973 362 3035 Tondentes
378 2993 533 3053 campum
551 2973 625 3047 late,
644 2973 787 3034 candore
804 2972 912 3034 nivali.

171 3078 213 3140 Et
230 3086 324 3158 pater
341 3077 527 3139 Anchises:
554 3082 572 3109 “
584 3075 722 3151 Bellum,
741 3097 759 3139 0
778 3085 866 3139 terra
883 3077 1024 3158 hospita,
1043 3084 1155 3158 portas:

83 3208 129 3261 540
171 3182 264 3244 Bello
280 3190 451 3243 armantur
467 3180 552 3262 equi,
570 3181 693 3242 bellum
712 3182 794 3243 haec
812 3190 961 3243 armenta
979 3183 1141 3249 minantur.

171 3285 237 3350 Sed
254 3295 365 3349 tamen
382 3285 469 3346 idem
487 3283 562 3345 olim
582 3304 678 3346 curru
696 3285 873 3347 succedere
890 3285 974 3347 sueti

170 3389 423 3471 Quadrupedes
441 3396 473 3449 et
492 3388 586 3449 irena
603 3387 680 3467 iugo
698 3388 874 3450 concordia
892 3389 999 3451 ferre:

171 3494 256 3576 Spes
272 3504 305 3555 et
321 3492 443 3574 paciS,'’
462 3492 515 3553 ait.
564 3493 648 3554 Tum
668 3492 804 3553 numina
821 3502 937 3555 sancta
955 3509 1123 3574 precamur

173 3596 316 3660 Palladis
333 3596 528 3669 armisonae,
547 3615 631 3676 quae
649 3595 754 3676 prima
771 3597 899 3676 aceepit
916 3607 1061 3672 ovantes

85 3726 130 3780 545
173 3701 217 3764 Et
232 3701 342 3782 capita
358 3708 436 3761 ante
453 3718 526 3760 aras
544 3698 694 3782 Phrygio,
704 3699 853 3760 velamur
869 3701 1010 3777 amictu;
