2580 4072
136 203 176 270 54
496 190 653 243 VERGILI
681 191 880 244 AENEIDOS

222 373 323 437 Unde
336 371 507 434 hominum
521 389 627 450 genus
640 378 673 432 et
687 369 832 451 pecudes
845 390 851 445 ;
866 371 954 434 unde
967 371 1074 434 imber
1087 383 1122 436 et
1135 384 1235 454 ignes
1243 398 1250 451 ;

222 479 403 540 Arctorum
422 474 617 555 pluviisque
636 474 775 557 Hyadas
793 474 1010 557 geminosque
1028 477 1194 554 Triones;

134 609 180 661 745
223 581 312 664 Quid
329 589 458 642 tantum
475 563 613 642 oceano
630 587 810 659 properent
828 585 863 640 se
880 580 1008 660 tingere
1026 582 1113 645 soles

224 686 375 759 Hiberni,
392 684 443 746 vel
461 703 546 765 quae
563 681 665 744 tardis
684 703 776 745 mora
795 684 947 748 noctibus
964 686 1081 749 obstet.

268 790 482 872 Ingeminant
499 788 617 869 plaustr
636 788 737 871 Tyrii,
756 789 927 873 Troesque
944 801 1138 874 sequuntur.

225 897 297 958 Nec
314 902 379 956 non
396 904 429 957 et
445 895 536 956 vario
554 903 683 955 noctem
702 902 853 957 sermone
870 895 1021 957 trahebat

223 985 346 1062 infelix
366 1000 462 1073 Drdo,
482 1001 684 1080 longumque
701 999 836 1062 bibebat
852 1007 1008 1075 amorem,

136 1132 183 1184 750
226 1105 333 1166 Multa
350 1124 450 1185 super
468 1103 598 1165 Priamo
614 1103 771 1184 rogitans,
791 1125 891 1186 super
910 1105 1056 1168 Hectore
1074 1107 1181 1169 multa
1192 1130 1199 1183 ;

226 1209 334 1283 Nunc,
352 1208 471 1291 quibus
489 1208 640 1270 Aurorae
656 1208 802 1271 venisset
818 1209 908 1272 filius
925 1219 1033 1285 armis,

226 1314 334 1388 Nunc,
353 1313 467 1396 quales
486 1312 658 1375 Diomedis
675 1323 759 1394 equi,
777 1333 875 1389 nunc,
894 1324 1038 1396 quantus
1055 1315 1219 1379 Achilles,

226 1424 243 1449 “
257 1419 364 1479 Immo
380 1437 452 1498 age,
470 1426 503 1479 et
519 1424 539 1478 ᾗ
555 1424 661 1498 primii
677 1418 738 1492 dic,
757 1417 889 1499 hospes,
908 1418 1035 1499 origine
1052 1420 1148 1481 nobis

226 1507 370 1583 insidiis
384 1521 401 1545 ''
419 1522 525 1603 inquit
544 1525 562 1552 “
574 1521 740 1596 Danaum,
758 1529 921 1605 cistisque
938 1530 1079 1597 tuorum,

138 1651 183 1703 755
227 1626 429 1706 Erroresque
445 1632 539 1700 tuos;
564 1645 641 1686 nam
658 1632 691 1686 te
708 1625 771 1687 iam
789 1627 931 1707 septima
948 1636 1057 1708 portat

227 1727 391 1792 Omnibus
408 1737 573 1791 errantem
590 1738 686 1792 terris
702 1737 735 1791 et
751 1729 905 1823 fluetibus
921 1731 1063 1792 aestisss'
