2534 4080
94 218 134 283 74
455 211 613 263 vanem
639 210 839 264 Aruernos

182 389 417 452 Fundamenta
434 388 539 470 quatit
555 396 725 470 totamque
741 396 760 451 a
777 388 910 453 sedibus
926 390 1041 454 urbem

183 476 285 555 Eruit.
335 495 400 556 Hic
419 493 503 554 Iino
520 494 643 557 Scaeas
660 493 851 556 saevissima
868 491 981 575 portis

183 598 290 659 Prima
306 606 406 673 tenet,
425 597 617 678 sociumque
634 598 784 659 lurensi
801 598 940 660 nivibus
956 606 1075 680 agmen

183 702 286 763 Ferro
302 706 451 764 accincta
466 711 573 763 vocat.

93 818 140 884 615
184 806 254 867 larn
272 814 418 869 summas
435 814 527 869 arces
544 808 702 883 Tritonia,
720 809 857 888 respice,
876 808 984 871 Pallas

182 893 319 985 Insedit,
337 911 450 973 nimbo
466 911 633 991 effulgens
650 921 682 974 et
700 912 854 992 Gorgone
872 932 980 974 saeva.

183 1014 261 1095 lpse
279 1016 376 1077 Pater
394 1016 520 1078 Danais
537 1015 665 1079 animos
680 1023 832 1097 viresque
849 1017 1013 1079 secundas

182 1117 320 1195 Sufficit,
338 1119 410 1201 ipse
426 1121 507 1183 deos
525 1122 559 1182 in
576 1120 736 1183 Dardana
751 1120 888 1183 suscitat
904 1140 1005 1182 arma.

184 1205 293 1304 Eripe,
311 1230 398 1300 nate,
416 1225 542 1305 lugam,
561 1226 732 1306 finemque
748 1226 882 1305 impone
898 1224 1010 1287 labori.

24 1396 31 1415 Ι,
93 1340 141 1389 620
185 1327 358 1408 Nusquam
376 1328 485 1404 abero,
505 1339 538 1391 et
555 1337 662 1390 tutum
680 1328 788 1410 patrio
803 1336 837 1390 te
853 1329 963 1390 limine
981 1325 1118 1391 sistam.''

227 1432 372 1507 Dixerat,
391 1441 424 1495 et
441 1432 557 1514 spissis
574 1432 681 1495 noctis
698 1441 733 1494 se
749 1432 896 1495 condidit
912 1433 1044 1494 umbris.

143 1521 148 1534 ⁶
182 1535 361 1616 Apparent
378 1537 469 1598 dirae
486 1537 591 1599 facies
608 1536 806 1618 inimicaque
822 1535 941 1599 Troiae

32 1639 75 1721 Ἰ
183 1639 330 1700 Numina
347 1647 468 1720 magna
485 1641 594 1702 deum.

59 1724 62 1731 ¹
225 1743 310 1804 Tum
328 1751 406 1806 vero
422 1765 520 1807 omne
537 1745 618 1806 mihi
633 1754 738 1806 visum
756 1744 928 1806 considere
945 1744 978 1806 in
994 1751 1087 1824 ignes

94 1859 140 1923 625
183 1829 279 1908 llium
297 1857 331 1910 et
347 1867 386 1909 ex
402 1842 469 1910 imo
484 1857 569 1910 verti
587 1848 757 1929 Neptunia
774 1848 891 1923 Troia;

182 1951 234 2012 Ac
250 1952 353 2014 veluti
369 1963 506 2015 summis
523 1962 692 2034 antiquam
709 1952 742 2013 in
760 1951 925 2014 montibus
947 1972 1064 2014 ornum

182 2055 265 2118 Cum
283 2056 371 2118 terro
388 2066 529 2118 accisam
547 2057 736 2137 crebrisque
752 2055 953 2136 bipennibus
969 2063 1091 2119 instant

183 2141 309 2221 Eruere
325 2158 490 2239 agricolae
509 2159 674 2234 certatim3
699 2160 754 2221 illa
771 2167 876 2241 risque
892 2160 1036 2222 minzitur

182 2263 225 2324 Et
240 2265 437 2327 tremefacta
453 2285 581 2327 comam
599 2272 761 2328 concusso
776 2263 899 2326 vertice
911 2271 1019 2338 nutat,

93 2378 140 2442 630
181 2367 383 2430 Vulneribus
401 2370 505 2431 donee
523 2370 681 2450 paulatim
699 2370 804 2430 evicta
820 2375 1012 2449 supremum

182 2469 382 2551 Congemuit
399 2474 562 2554 traxitque
580 2473 664 2553 iugis
680 2474 796 2535 avulsa
812 2482 950 2535 ruinam.

227 2575 413 2650 Descende,
432 2596 470 2639 ac
488 2578 632 2640 ducente
649 2577 712 2639 deo
728 2577 893 2638 flammam
911 2576 997 2638 inter
1012 2585 1045 2639 et
1061 2574 1173 2637 hostes

183 2678 368 2759 Expedior3
393 2680 474 2743 dant
490 2682 556 2743 tela
573 2682 691 2756 locum,
709 2681 929 2762 flammaeque
945 2681 1109 2743 recedunt.

181 2783 295 2864 Atque
311 2783 367 2846 ubi
382 2784 447 2846 iam
466 2785 592 2866 patriae
610 2795 807 2865 perventum
825 2784 867 2846 ad
884 2783 996 2846 limina
1013 2783 1098 2846 sedis

93 2898 139 2963 635
181 2887 415 2969 Antiquisque
433 2890 558 2964 domos,
578 2890 716 2970 genitor,
735 2909 832 2970 quern
849 2887 964 2950 tollere
981 2890 1014 2950 in
1031 2889 1112 2950 altos

182 2991 350 3071 Optabam
368 3003 508 3074 primurn
528 3000 656 3056 montes
674 2997 884 3075 primumque
902 2993 1065 3072 petebam,

181 3095 341 3176 Abnegat
357 3104 465 3159 excisi
482 3107 582 3160 vitam
601 3098 784 3178 prodicere
801 3097 901 3158 Troia

182 3199 408 3282 Exsiliumque
426 3210 503 3283 pati.
553 3206 571 3232 “
583 3202 652 3264 Vos
669 3209 698 3276 ὁ,
716 3201 834 3282 quibus
853 3201 980 3281 integer
997 3209 1070 3263 aevi

182 3303 326 3384 Sanguis
338 3306 355 3329 '¹
373 3306 418 3368 ait
437 3305 657 3386 “solidaeque
674 3313 734 3368 suo
751 3314 840 3367 stant
856 3304 973 3366 robore
989 3312 1084 3378 vires,

93 3419 140 3480 640
180 3408 250 3470 Vos
266 3411 390 3489 agitate
407 3410 532 3489 fugam.

183 3512 239 3573 Me
256 3522 283 3574 si
299 3513 476 3575 caelicolae
493 3512 675 3576 voluissent
692 3513 812 3574 ducere
829 3522 939 3586 vitam,

182 3615 256 3677 Has
273 3616 353 3678 mihi
370 3624 558 3679 servissent
576 3616 679 3679 sedes.
729 3616 817 3680 Satis
834 3624 900 3677 una
918 3635 1084 3699 superque

180 3719 333 3782 Vidimus
349 3719 476 3782 excidia
491 3728 525 3781 et
541 3729 660 3800 captae
678 3721 907 3800 superavimus
925 3722 1006 3784 urbi.
