2580 4072
507 184 622 236 LIBER
649 185 793 237 PRIMUS

180 362 358 426 Pradimur
374 371 475 444 atque
493 361 586 423 italis
603 362 702 442 longe
718 361 937 444 disiungimur
952 372 1026 428 aris.

181 467 251 528 Hic
271 466 402 547 pictatis
419 464 550 526 hones?
575 474 621 527 sic
638 471 701 527 nos
716 465 748 527 in
767 474 898 548 sceptra
915 472 1048 550 repanis
1059 471 1070 534 i
1082 472 1099 497 ”

228 555 299 634 Olli
315 568 489 631 subridens
506 568 676 630 hominum
695 580 784 631 sator
801 581 900 652 atque
918 573 1055 655 dearum

82 707 132 758 ²55
179 678 301 751 Vultu,
319 683 384 757 quo
400 673 529 735 caelum
547 680 830 756 tempestatesque
850 686 990 755 serenat,

180 768 313 846 Oscula
329 779 442 841 libavit
459 784 565 851 natae,
583 777 702 840 dehinc
720 780 799 841 talia
816 781 922 845 tatur:

226 885 361 945 “Parce
378 889 478 956 metir,
499 881 675 965 Cytherea,
694 889 830 942 manent
846 881 983 943 immeta
999 889 1130 944 tuarum

182 989 273 1050 Fata
288 987 356 1048 tibi.
405 985 531 1048 Cernes
549 984 663 1046 urbem
681 993 715 1046 et
732 985 894 1064 promissa
912 985 1030 1046 Lavini

181 1089 331 1161 Moenia,
348 1087 589 1168 sublimemque
606 1087 694 1148 teres
712 1087 754 1148 ad
771 1088 879 1149 sidera
895 1089 977 1150 caeli

78 1207 130 1256 260
181 1191 440 1271 Magnanimum
458 1191 618 1265 Aenean3
643 1210 750 1272 neque
769 1199 821 1252 me
839 1193 1003 1255 sententia
1020 1194 1125 1256 vertit.

92 1314 98 1361 ·.
118 1284 140 1313 ”
180 1296 252 1357 Hic
268 1294 486 1357 tibi-fabor
498 1295 596 1370 enirn,
610 1293 744 1376 quande
759 1295 840 1357 haec
859 1302 892 1357 te
910 1303 989 1358 cara
1001 1297 1176 1372 remordet,

182 1397 338 1480 Longius
353 1378 538 1461 ei‘voivrns
553 1399 697 1461 latorum
716 1406 837 1461 arcana
854 1399 1048 1481 movebo-

182 1502 316 1566 Bellum
333 1502 452 1583 ingens
468 1511 561 1584 geret
579 1488 686 1577 ltalia,
705 1504 912 1584 populosque
929 1503 1057 1566 feraces

180 1605 387 1680 Contundet,
406 1613 578 1687 moresque
595 1607 672 1668 viris
689 1615 721 1668 et
739 1605 869 1668 moenia
888 1614 997 1688 panet,

80 1727 131 1791 265
179 1710 300 1773 Tertia
316 1710 393 1793 dum
413 1710 509 1772 Latia
525 1717 721 1789 regnantem
737 1709 856 1772 viderit
873 1717 990 1786 aestas,

179 1815 363 1894 Ternaque
379 1813 568 1876 transierint
587 1813 718 1875 Rutulis
736 1813 873 1875 hiberna
890 1813 1042 1878 subactis.

180 1910 232 1980 At
251 1937 333 1999 puer
349 1915 526 1992 Ascanius,
544 1917 596 1979 cui
613 1937 701 1979 nunc
718 1924 903 1997 cognomen
923 1919 996 1980 iulo

180 2006 464 2084 Additur—llus
479 2029 559 2096 erat,
577 2020 655 2082 dum
672 2028 725 2082 res
742 2020 831 2083 stetit
848 2007 910 2083 ilia
927 2029 1031 2102 regne
1042 2059 1085 2069 -

180 2124 338 2246 Trigipffi
354 2132 493 2206 magnes
507 2124 679 2186 volvendis
700 2124 980 2187 mensibus-orbes

82 2259 134 2306 270
184 2230 334 2309 Imperio
348 2228 502 2311 explebit,
520 2236 726 2310 regnumque
742 2230 783 2291 ab
801 2229 879 2292 sede
898 2229 1015 2291 Lavini

181 2333 391 2407 Transferet,
407 2342 440 2395 et
456 2333 592 2413 longam
610 2332 711 2394 multa
726 2342 759 2394 vi
775 2332 902 2396 mimiet
917 2332 1050 2396 Albam.
1077 2399 1082 2410 ,

231 2441 249 2466 “
263 2436 329 2498 Hic
344 2437 408 2497 iarn
425 2444 624 2498 tercentum
643 2444 728 2498 tates
745 2436 936 2517 regnabitur
953 2444 1058 2498 annes

184 2539 297 2603 Gente
313 2539 376 2602 sub
393 2540 571 2614 Hectorea,
589 2539 694 2602 denec
712 2546 826 2619 regina
843 2541 998 2603 sacerdes

184 2644 298 2711 Marte
314 2632 424 2724 gravis
440 2642 608 2724 geminam
625 2649 720 2723 partu
740 2641 832 2704 dabit
844 2629 910 2704 llia
926 2644 1061 2724 prolem.

85 2776 136 2829 ²75
186 2747 272 2811 Inde
289 2748 388 2828 lupae
404 2747 498 2809 fulva
513 2749 651 2810 natricis
667 2747 812 2827 tegmine
832 2746 938 2809 laetus

186 2850 351 2914 Remulus
366 2833 508 2932 excipiet
524 2860 668 2932 gentem,
686 2859 719 2912 et
738 2849 902 2913 Mavortia
918 2851 1038 2915 condet

185 3060 253 3122 His
269 3078 333 3140 ego
349 3078 410 3121 nec
426 3066 532 3120 metas
547 3065 656 3120 rerum
672 3068 735 3122 'nec
750 3068 901 3139 tempora
917 3068 1022 3140 pon63

184 3162 369 3245 Imperium
386 3162 458 3225 sine
474 3163 542 3225 line
559 3162 643 3224 dedi.
692 3162 781 3243 Quin
798 3183 916 3243 aspera
933 3165 1027 3236 luno,

82 3285 132 3336 230
182 3268 285 3350 Quae
301 3287 390 3329 mare
406 3287 495 3329 nunc
511 3273 682 3347 terrasque
699 3273 788 3328 metir
806 3267 1000 3348 caelumque
1016 3267 1144 3346 fatigat,

181 3370 334 3437 Censilia
348 3372 382 3433 in
400 3371 517 3433 melius
533 3370 665 3446 referet,
683 3377 880 3451 mecumque
898 3370 1023 3433 fovebit
1234 3359 1236 3362 ⁴

182 3477 369 3556 Remanes
386 3482 495 3536 rerum
513 3473 672 3548 domines
691 3485 891 3555 gentemque
908 3481 1065 3554 togatam.

80 3592 86 3633 i
106 3547 318 3659 ,st-”sstbic
333 3579 499 3660 placitum.
547 3577 667 3641 Veniet
684 3578 794 3639 histris
811 3575 998 3641 labentibus
1015 3585 1116 3653 aetas,

178 3685 274 3752 Cum
291 3681 408 3745 domus
423 3682 582 3745 Assaraci
600 3681 753 3742 Phthiam
770 3681 941 3760 clarasque
960 3681 1121 3764 Mycenas
