2534 4080
239 654 280 727 P.
307 638 540 728 venem
579 656 839 730 sinuosus

331 866 749 962 AENEIDOS

339 1145 484 1209 LIBER
515 1147 750 1229 QUARTUS

118 1313 167 1375 At
182 1312 300 1395 regina
316 1315 409 1394 gravi
425 1315 618 1376 iamdudum
635 1316 749 1378 saucia
765 1335 844 1378 cura

77 1416 206 1479 Vulnus
222 1417 280 1480 alit
296 1417 398 1492 venis
411 1426 449 1480 et
465 1438 565 1481 caeco
581 1419 728 1500 carpitur
749 1419 828 1499 igni.

80 1496 264 1584 Musffiviri
277 1520 381 1584 virtus
397 1521 517 1625 anime,
534 1523 723 1604 multusque
740 1531 888 1588 recursat

79 1618 334 1701 Gentrsiionos;
358 1593 498 1689 haerent
514 1626 604 1688 infixi
622 1635 757 1707 pectore
773 1625 884 1689 vultus

56 1705 261 1826 xVerbaque,
279 1749 340 1791 nec
330 1730 520 1819 placidam
539 1730 695 1793 membris
713 1731 770 1821 dat
786 1750 864 1793 eura
880 1731 1033 1813 quietem

119 1833 255 1895 Postera
272 1803 425 1896 Phoebea
442 1834 507 1897 lust
509 1833 603 1897 rabat
591 1835 803 1916 tltampade
805 1853 895 1898 erras

79 1936 201 1999 Ument
203 1919 341 2018 &mque
340 1922 472 2000 Ai'irora
490 1939 597 2018 polo
584 1939 766 2001 dimoverat
784 1937 944 2015 umbram,

79 2040 202 2102 Cum
176 2061 223 2103 sle
242 2016 432 2104 unanimam
450 2043 638 2124 adloquitur
655 2042 741 2106 male
758 2062 839 2107 sana
856 2061 1021 2107 sororem:

80 2137 329 2262 “Afflmf’
345 2166 430 2226 quae
448 2166 499 2209 me
517 2166 714 2227 suspensam
731 2145 895 2209 insomnia
912 2145 1052 2214 terrenti

34 2247 157 2328 Quis
173 2269 281 2328 novus
298 2249 351 2311 hic
367 2259 442 2312 nost
438 2249 488 2312 ris
506 2251 664 2312 successit
651 2250 814 2314 tsedibus
831 2249 962 2333 hospes.

34 2327 183 2439 joed]
202 2363 275 2415 sese
292 2373 348 2415 ore
365 2353 486 2429 f,erens
505 2373 602 2435 quam
622 2354 699 2417 forti
717 2364 850 2436 pectore
868 2363 901 2418 e
888 2352 1034 2418 tanniu!

78 2455 183 2519 Credo
200 2456 364 2538 equidem,
382 2477 445 2520 nec
460 2478 547 2519 vana
565 2458 656 2532 fides,
698 2477 781 2521 enus
797 2478 871 2523 esse
888 2457 1033 2522 deorum

34 2640 41 2648 ἢ
78 2559 271 2641 Degeneres
284 2560 412 2623 animos
428 2562 525 2624 timor
541 2560 635 2642 argui
653 2610 658 2624 .
709 2561 796 2639 Heu,
814 2561 933 2646 quibua
951 2560 1003 2626 iile

45 2649 50 2653 ’
79 2663 147 2726 laet
134 2673 223 2727 tatus
240 2663 337 2726 fatis!
363 2684 448 2747 quae
464 2664 551 2728 bella
567 2665 730 2729 exhausta
746 2664 906 2731 canebat!

77 2767 109 2830 Si
125 2767 206 2830 mihi
223 2788 291 2831 non
308 2768 418 2831 animo
435 2770 535 2832 fixum
525 2768 791 2863 immotumque
808 2768 947 2848 tederet

34 2855 52 2877 '⁸
78 2871 127 2934 Ne
144 2871 197 2934 cui
214 2892 268 2934 me
283 2872 395 2935 vinclo
410 2873 530 2935 vellem
548 2873 673 2937 sociare
689 2871 800 2955 iugali

79 2974 151 3039 Post
138 2985 263 3058 tquam
271 2975 399 3057 primus
415 2997 508 3041 amor
523 2978 699 3060 deceptam
717 2984 823 3042 morti
839 2977 977 3055 {etenim

79 3078 110 3141 Si
127 3101 193 3143 non
211 3090 402 3161 pertaesum
420 3082 556 3144 thalami
573 3081 759 3164 taedaeque
775 3081 904 3158 ruitur,

79 3181 163 3271 Huic
180 3183 237 3246 uni
254 3185 368 3247 forsan
386 3186 479 3266 potui
496 3185 711 3251 succumbere
728 3183 856 3268 culpae,

77 3278 183 3368 Arina,
202 3288 335 3352 fatebor
350 3289 448 3366 enim,
467 3290 576 3354 miseri
593 3299 669 3374 post
687 3290 757 3353 tata
773 3287 915 3373 Sytzhrtei

79 3389 234 3474 Coniugis
250 3402 285 3456 et
300 3413 435 3474 sparsos
451 3394 599 3458 fraterna
614 3393 718 3457 caede
736 3393 886 3464 Penates,

81 3491 173 3558 Solus
189 3497 243 3561 hic
259 3496 386 3560 inflexit
402 3517 530 3573 sensus,
547 3497 760 3578 animumque
777 3491 944 3556 labantem

82 3595 220 3688 Impulit.
268 3601 454 3682 Adgnosco
469 3603 591 3666 veteris
606 3596 747 3678 vestigia
763 3594 924 3658 flammae,

517 3724 566 3778 1⁰3
