2534 4080
394 195 507 248 troas
534 192 703 246 ruamus
1052 201 1092 269 95

125 379 198 442 Nec
218 376 326 439 minus
344 372 590 446 Andromache,
611 371 763 453 digressu
783 379 909 434 maesta
928 390 1092 452 supremo,

82 483 161 545 Fert
177 481 358 562 picturatas
375 477 445 541 auri
463 476 648 538 subtemine
665 484 775 537 vestes

82 586 125 647 Et
142 585 321 668 Phrygiam
340 580 487 644 Ascanio
505 578 724 663 chlamydem,
742 598 804 641 nec
820 579 907 642 cedit
923 577 1048 653 honori,

32 717 42 768 ς
80 688 331 769 Textilibusque
348 694 463 748 onerat
479 682 582 757 donis,
601 703 639 745 ac
656 683 734 745 talia
750 683 858 745 latur:

81 799 99 824 ‘⁴
109 792 238 872 Accipe
255 801 288 854 et
307 790 399 864 haec,
418 807 575 850 manuum
595 786 654 850 tibi
671 807 756 869 quae
775 796 988 851 monumenta
1007 807 1093 849 mea·

167 916 239 958 rum

80 1001 164 1074 Sint,
179 1019 270 1081 puer,
283 1008 316 1061 et
333 999 469 1078 longum
483 997 741 1060 Andromachae
757 1004 919 1059 testentur
935 1015 1090 1070 amorem,

79 1102 240 1183 Coniugis
259 1103 456 1164 Hectoreae.
505 1101 596 1181 Cape
613 1099 700 1162 dona
715 1109 862 1162 extrema
878 1108 1018 1172 tuorum,

79 1209 111 1272 O
128 1208 208 1269 mihi
225 1207 295 1269 sola
310 1205 375 1268 mei
392 1225 492 1286 super
508 1205 726 1288 Astyanactis
741 1205 861 1286 imago.

32 1341 39 1374 >
80 1312 135 1376 Sic
153 1310 275 1384 oculos,
294 1310 339 1372 sic
355 1307 409 1371 ille
426 1328 553 1384 manus,
571 1309 617 1371 sic
634 1329 691 1371 ora
707 1308 853 1384 ferebat3

80 1416 125 1478 Et
140 1434 228 1477 nunc
246 1413 376 1495 aequali
391 1421 501 1475 tecum
518 1412 714 1494 pubesceret
730 1410 843 1474 aevo.”

126 1513 199 1574 Hos
215 1533 278 1594 ego
296 1510 486 1594 digrediens
504 1512 646 1575 lacrimis
663 1510 802 1574 adfabar
818 1510 960 1574 obortis:

81 1622 99 1648 “
111 1616 222 1680 Vivite
239 1616 362 1690 felices
381 1615 502 1697 quibus
518 1625 568 1678 est
584 1615 720 1679 fortuna
736 1625 871 1696 peracta

79 1720 153 1781 Iam
170 1739 247 1795 sua;
271 1739 332 1782 nos
348 1719 412 1781 alia
427 1739 468 1782 ex
483 1719 555 1783 aliis
571 1721 605 1782 in
622 1720 692 1783 fata
707 1741 872 1784 vocamur.

32 1848 37 1898 ς
77 1822 183 1886 Vobis
200 1832 295 1903 parta
311 1823 421 1904 quies;
447 1822 574 1885 nullum
592 1824 691 1886 maris
708 1845 831 1906 aequor
846 1825 1016 1902 arandum,

78 1926 172 1989 Arva
188 1946 296 2008 neque
313 1926 485 1990 Ausoniae
502 1948 634 2010 semper
650 1929 801 1992 cedentia
816 1939 902 1992 retro

78 2030 287 2111 Quaerenda.
336 2029 490 2111 Effigiem
507 2032 634 2095 Xanthi
650 2032 850 2115 Troiamque
865 2033 994 2109 videtis

79 2133 189 2214 Quam
205 2143 334 2196 vestrae
351 2135 461 2198 fecere
479 2155 606 2211 manus,
624 2136 822 2212 melioribus,
841 2147 928 2218 opto,

78 2236 257 2318 Auspiciis,
275 2247 308 2300 et
324 2258 408 2320 quae
424 2239 549 2302 fuerint
565 2242 673 2302 minus
689 2241 787 2304 obvia
803 2240 908 2304 Grais.

32 2372 36 2401 r
80 2340 116 2405 Si
132 2341 265 2422 quando
281 2342 444 2425 Thybrim
461 2345 633 2425 vicinaque
650 2336 829 2429 Thybridis
846 2365 925 2407 arva

79 2446 209 2507 Intraro
225 2446 383 2527 gentique
400 2466 493 2509 meae
509 2447 587 2509 data
603 2448 733 2510 moenia
748 2468 890 2524 cernam,

79 2549 249 2628 Cognatas
265 2548 363 2611 urbes
379 2550 457 2612 olim
475 2550 683 2632 populosque
699 2553 912 2634 propinquos,

80 2652 191 2732 Epiro,
212 2652 386 2733 Hesperia,
405 2653 525 2735 quibus
541 2654 629 2717 idem
649 2654 827 2717 Dardanus
843 2666 958 2719 auctor

55 2755 192 2837 ‚Atque
208 2756 295 2818 idem
313 2777 419 2832 casus,
438 2778 539 2819 unam
555 2757 718 2820 faciemus
734 2768 907 2840 utramque

32 2885 35 2934 ς
78 2859 213 2922 Troiam
229 2859 366 2923 animis:
392 2871 530 2924 maneat
541 2870 673 2925 nostros
689 2882 729 2925 ea
744 2882 823 2925 cura
839 2864 1009 2945 nepotes.'’

124 3051 340 3129 Provehimur
355 3069 475 3150 pelago
492 3070 601 3132 vicina
619 3070 783 3134 Ceraunia
798 3073 897 3145 iuxta,

45 3242 53 3253 ⁸
79 3170 180 3234 Unde
196 3171 258 3234 iter
276 3172 405 3234 Italiam
423 3193 605 3256 cursusque
621 3174 833 3238 brevissimus
850 3175 955 3237 undis.

78 3273 136 3338 Sol
153 3274 217 3337 ruit
232 3274 358 3339 interea
374 3261 407 3340 et
422 3287 552 3341 montes
570 3278 764 3340 umbrantur
780 3276 884 3358 opaci.

79 3377 266 3442 Sternimur
282 3389 415 3460 optatae
432 3381 558 3462 gremio
575 3382 700 3444 telluris
717 3380 758 3442 ad
776 3379 908 3454 undam,

32 3509 39 3543 >
79 3482 194 3546 Sortiti
210 3503 328 3558 remos,
346 3484 535 3566 passimque
551 3487 583 3547 in
602 3485 695 3548 litore
712 3483 799 3546 sicco

80 3587 229 3667 Corpora
245 3606 415 3663 curamus;
440 3587 547 3651 fessos
564 3609 663 3670 sopor
679 3586 800 3668 inrigat
817 3597 916 3651 artus

81 3689 235 3753 Necdum
252 3689 364 3752 orbem
383 3691 525 3778 medium
544 3692 620 3754 Nox
637 3691 740 3753 Horis
756 3700 830 3753 acta
846 3690 994 3769 subibat;
