2534 4080
91 184 151 251 ro'd
440 181 597 236 VERGILI
623 180 823 234 AENEIDOS

86 395 116 427 a*
213 366 322 448 Quam
340 357 437 424 simul
455 380 492 422 ac
509 361 567 423 tali
584 361 748 442 persensit
765 370 860 442 peste
876 361 985 425 teneri

172 460 257 534 thia
277 462 364 529 lovis
381 466 533 540 coniunx,
552 485 612 527 nec
629 466 754 526 famam
772 464 904 529 obstare
921 465 1035 542 furori,

170 562 308 635 ''l‘allbuu
324 569 517 649 aggreditur
533 570 699 631 Venerem
718 569 872 632 Saturnia
888 569 1004 632 dictis:
1106 634 1108 638 ,

172 674 190 707 “
204 666 380 753 Egregium
398 693 477 735 vero
494 673 625 734 laudem
642 682 675 735 et
692 673 797 754 spolia
814 673 926 755 ampla
943 673 1073 737 refertis

170 771 289 859 'suque
307 797 454 859 puerque
471 786 565 853 tuus;
592 797 749 857 magnum
771 786 803 839 et
821 777 1034 841 memorabile
1051 790 1166 840 numen.

103 900 111 911 ‘
171 875 246 945 Uuu
264 879 339 945 dolo
356 881 468 943 divum
486 882 512 943 si
529 881 653 943 femina
670 881 757 943 victa
774 881 913 944 duorum
930 891 989 945 est.

174 980 244 1045 Nec
262 1003 314 1047 mc
331 985 413 1048 adeo
430 985 516 1048 fallit
532 985 669 1048 veritam
686 994 719 1048 te
737 985 869 1047 moenia
884 994 998 1048 nostra

172 1085 354 1170 Srrspectas
373 1089 527 1151 habuisse
546 1090 661 1151 domos
681 1090 899 1170 Karthaginis
916 1090 1011 1154 altae.

172 1189 238 1255 Sed
256 1193 329 1275 quis
346 1194 407 1256 erit
424 1194 551 1268 modus,
570 1202 626 1255 aut
643 1214 708 1276 quo
721 1213 809 1255 nunc
827 1193 1007 1258 certamine
1023 1190 1130 1258 tanto?

172 1293 260 1373 Quin
281 1298 389 1379 potius
407 1318 523 1379 pacem
541 1307 710 1359 aeternam
729 1307 910 1379 pactosque
927 1299 1124 1382 hymenaeos

174 1398 399 1464 lixercemus?
417 1402 530 1476 habes,
548 1411 617 1464 tota
634 1401 722 1483 quod
740 1411 850 1464 mente
868 1402 999 1482 petisti:

171 1503 278 1568 Ardet
295 1527 411 1568 amans
428 1507 515 1569 Dido
532 1506 696 1588 traxitque
714 1526 773 1586 per
789 1525 865 1567 ossa
881 1506 1036 1570 furorem.

172 1607 391 1672 Communem
412 1611 501 1672 hunc
524 1630 603 1690 ergo
627 1610 786 1690 populum
808 1609 1010 1692 paribusque
1031 1616 1173 1690 regamus

85 1726 92 1739 ·
172 1712 359 1794 Auspiciis3
385 1715 480 1776 liceat
499 1714 643 1796 Phrygio
662 1713 783 1775 servire
801 1714 928 1788 marit0,

174 1816 378 1899 Dotalesque
395 1827 472 1879 tuae
489 1817 609 1900 Tyrios
626 1817 817 1897 permittere
834 1816 1000 1879 dextrae.’'

216 1921 282 1984 Olli
293 1959 336 1966 —
347 1922 449 1983 sensit
466 1923 553 1983 enim
572 1922 725 1983 simulata
741 1930 852 1983 mente
870 1922 1026 1997 locutam,

171 2025 247 2109 Quo
264 2047 403 2107 regnum
423 2026 539 2087 Italiae
558 2026 701 2108 Libycas
719 2034 882 2087 averteret
899 2045 1028 2088 oras—

172 2130 225 2192 Sic
243 2140 358 2192 contra
375 2139 425 2191 est
442 2131 592 2209 ingressa
609 2131 746 2192 Venus:
773 2129 888 2210 “Quis
905 2129 984 2192 talia
1001 2130 1132 2193 demens

171 2234 318 2309 Abnuat,
336 2243 392 2295 aut
409 2243 520 2296 tecum
538 2234 630 2295 malit
647 2233 847 2295 contendere
864 2233 974 2295 bello?

171 2338 205 2401 Si
222 2338 329 2413 modo,
348 2337 435 2420 quod
453 2356 626 2411 memoras,
645 2337 771 2398 factum
790 2337 924 2399 fortuna
942 2346 1114 2420 sequatur;

172 2443 238 2506 Sed
256 2442 333 2504 fatis
351 2442 476 2503 incerta
494 2441 591 2515 feror,
610 2441 637 2502 si
656 2441 806 2521 Iuppiter
824 2461 923 2502 unam

172 2541 350 2609 Esse'velit
367 2545 476 2628 Tyriis
494 2545 607 2607 urbem
626 2544 792 2626 Troiaque
811 2544 977 2625 profectis,

172 2650 348 2712 Miscerive
366 2650 481 2730 probet
498 2649 649 2730 populos,
668 2658 724 2710 aut
742 2648 877 2711 foedera
895 2648 996 2730 iungi.

169 2755 220 2816 Tu
239 2755 399 2829 coniunx;
424 2753 483 2815 tibi
500 2753 552 2833 fas
569 2752 716 2814 animum
733 2761 897 2833 temptare
914 2754 1090 2833 precando,

171 2860 293 2939 Perge3
319 2858 468 2939 sequar.”
516 2858 603 2919 Tum
620 2857 666 2918 sic
683 2857 813 2937 excepit
830 2857 920 2936 regia
938 2857 1042 2920 luno:

171 2964 336 3024 “Mecum
364 2962 424 3024 erit
456 2961 517 3023 iste
548 2960 650 3023 labor.
700 2962 798 3023 Nunc
831 2981 895 3042 qua
927 2962 1063 3036 ratione,
1095 2951 1170 3041 quod

256 3068 365 3139 instat,

98 3245 101 3252 ,
169 3168 313 3234 Confieri
331 3169 443 3250 possit,
463 3167 586 3249 paucis,
606 3169 750 3244 adverte,
768 3169 902 3231 docebo,

168 3276 336 3337 Venatum
351 3274 486 3336 Aeneas
504 3293 636 3355 unaque
653 3273 835 3335 miserrima
855 3272 943 3335 Dido

170 3379 208 3439 ln
227 3399 344 3440 nemus
360 3379 406 3440 ire
424 3387 550 3458 parant,
569 3377 624 3439 uhi
640 3377 761 3457 primos
779 3377 942 3439 crastinus
959 3387 1050 3440 ortus

170 3483 331 3556 Extulerit
349 3482 446 3544 Titan
465 3482 629 3564 radiisque
647 3482 800 3544 retexerit
819 3482 942 3544 orbem.

81 3610 127 3650 120
171 3589 234 3650 His
252 3608 314 3667 ego
332 3589 518 3667 nigrantem
537 3588 712 3649 commixta
730 3587 890 3666 grandine
908 3586 1068 3663 nimbum,

169 3693 259 3756 Dum
277 3691 445 3771 trepidant
462 3691 542 3765 alae,
562 3691 732 3772 saltusque
750 3689 1071 3773 indaginecingunt,
