2534 4080
307 255 309 259 Ι
389 193 501 244 LIBER
528 192 674 244 PRIMUS

70 378 336 457 Flagrantosque
352 373 405 436 dei
421 371 531 434 vultos
549 371 768 454 simulotaque
784 374 893 450 verba,

70 482 261 560 Pallamque
279 488 312 540 et
329 487 451 558 pictum
470 484 586 539 croceo
603 477 754 540 velamen
772 479 923 541 acantho.

70 585 252 664 Praecipuo
268 583 391 656 infelix,
410 591 496 662 pesti
512 581 631 643 devota
648 581 791 657 futorae,

71 690 205 771 Expleri
222 698 367 749 mentem
385 687 499 766 nequit
518 685 727 767 ardescitque
744 690 868 752 tuendo

69 796 261 868 Phoenissa,
280 803 313 854 et
330 792 452 872 pariter
470 798 574 871 puero
594 790 755 872 donisque
772 801 929 858 movetur.

70 900 130 962 llle
147 899 203 960 ubi
221 898 395 978 complexo
415 897 554 958 Aenoae
573 897 723 977 colloque
740 899 899 978 pependit

71 1005 112 1067 Et
130 1011 289 1084 magnum
307 1003 384 1063 falsi
400 1001 549 1081 implevit
569 1001 727 1081 genitoris
744 1011 899 1077 amorem,

71 1111 234 1189 Reginam
253 1108 343 1190 petit.
393 1109 487 1171 Haec
506 1108 616 1183 oculis,
636 1109 718 1170 haec
735 1118 867 1189 pectore
884 1116 954 1170 toto

72 1215 206 1288 Haeret,
225 1224 258 1276 et
273 1213 439 1276 interdum
458 1212 585 1293 gremio
603 1213 704 1288 fovet,
722 1213 826 1275 inscia
844 1212 932 1274 Dido

71 1303 219 1380 Insideat
235 1326 379 1398 quantus
396 1318 536 1379 miserae
553 1317 644 1380 deus.
694 1318 741 1378 At
758 1336 883 1379 memor
899 1316 953 1379 ille

70 1423 186 1484 Matris
203 1421 377 1484 Acidaliae
395 1421 553 1503 paulatim
572 1421 704 1483 abolore
722 1421 909 1504 Sychaeum

72 1527 200 1607 Incipit,
219 1535 252 1588 et
267 1534 342 1587 vivo
358 1535 500 1607 temptat
518 1534 728 1608 praevertere
744 1533 856 1587 amore

73 1630 140 1692 Iam
159 1631 287 1711 pridem
306 1630 431 1692 resides
448 1630 576 1692 animos
594 1630 796 1711 desuetaque
812 1630 920 1692 corda.

113 1736 291 1815 Postquam
310 1745 416 1815 prima
432 1735 525 1817 quies
545 1735 661 1815 epulis,
680 1724 885 1816 monsaequc⁸
897 1742 1053 1808 remotae,

72 1839 223 1902 Crateras
240 1845 380 1918 magnos
398 1847 548 1900 statuunt
565 1848 598 1900 et
614 1848 691 1900 vina
708 1846 875 1901 coronant.

72 1943 123 2005 Fit
140 1942 298 2023 strepitos
315 1950 420 2018 tectis,
440 1951 622 2024 vocemque
640 1963 699 2025 per
715 1942 826 2023 ampla
842 1942 993 2005 volotant

72 2033 184 2122 dtria3
210 2047 402 2128 dopendent
419 2047 531 2131 lychni
550 2026 759 2128 laquearibus
776 2056 884 2109 aureis

73 2151 212 2225 inconsi,
230 2161 262 2213 et
279 2160 410 2213 noctem
429 2151 569 2213 flammis
588 2150 715 2213 ionalia
731 2152 876 2213 vincunt.

74 2256 136 2317 Hic
154 2262 269 2335 rogina
284 2275 419 2335 gravem
437 2265 578 2336 gemmis
596 2263 742 2336 auroque
759 2254 911 2336 poposcit

72 2359 292 2441 Implovitque
310 2368 400 2445 mero
417 2370 575 2441 pateram,
594 2380 692 2440 quam
713 2359 813 2421 Bolus
829 2368 862 2420 et
878 2365 993 2420 omnos

72 2449 102 2525 Ᾱ
121 2464 202 2526 Belo
219 2463 321 2540 soliti;
345 2474 415 2525 tum
433 2464 521 2526 facta
540 2458 669 2525 silentia
685 2471 798 2525 tectis:

114 2573 131 2600 “
144 2569 304 2649 Iuppiter,
323 2567 508 2649 hospitibus
525 2587 602 2628 nam
620 2574 653 2628 to
669 2567 748 2629 dare
764 2567 835 2629 iora
852 2568 1039 2648 loquuntur,

74 2673 172 2734 Hunc
189 2671 312 2734 laetum
330 2673 506 2756 Tyriisque
525 2672 612 2733 diem
630 2669 796 2752 Troiaque
813 2671 971 2750 profectis

74 2777 154 2839 Esse
170 2776 262 2851 velis,
281 2785 478 2859 nostrosque
497 2777 595 2838 hoius
613 2776 803 2838 meminisse
820 2775 972 2836 minores

72 2880 169 2943 Adsit
186 2880 331 2944 laetitiae
349 2883 501 2944 Bacchus
520 2882 623 2955 dator,
643 2879 778 2942 etbona
798 2880 902 2953 Iono3

75 2985 116 3047 Et
131 2993 199 3059 vos,
217 2993 247 3058 o,
265 2994 405 3061 coetum,
424 2986 524 3070 Tyrii,
544 2985 709 3048 celebrate
726 2982 909 3046 faventos’'

115 3089 217 3164 Dixit,
235 3098 268 3151 et
284 3090 317 3151 in
334 3099 483 3153 monsam
501 3091 634 3154 laticum
652 3090 765 3153 libavit
782 3090 951 3161 honorem,

75 3192 254 3274 Primaque,
273 3194 383 3270 libato,
401 3204 531 3257 summo
548 3205 644 3258 tenus
661 3193 770 3273 attigit
786 3200 862 3264 ore;

74 3299 155 3362 Tum
176 3302 281 3365 Bitiae
298 3303 389 3365 dedit
405 3303 617 3384 increpitans.
669 3302 728 3363 llle
746 3298 887 3379 impiger
904 3294 1013 3357 hausit

76 3404 293 3485 Spumantem
311 3417 470 3488 pateram,
489 3416 521 3469 et
538 3409 638 3488 pleno
655 3413 690 3469 so
707 3403 828 3484 proluit
845 3408 942 3475 auro;

76 3507 149 3571 Post
165 3510 220 3571 alii
237 3518 398 3591 proceros.
448 3512 582 3574 Citharo
600 3519 735 3574 crinitus
754 3508 853 3587 Iopas

77 3610 232 3676 Personat
249 3621 373 3689 aurato,
391 3615 501 3676 docuit
519 3635 615 3696 quem
636 3613 796 3675 maximus
814 3606 910 3670 Atlos

79 3714 138 3779 Hic
156 3717 245 3780 canit
262 3728 426 3781 errantem
444 3719 556 3780 limam
575 3717 719 3799 solisque
736 3713 883 3787 laboros3

690 4010 742 4043 A
