2534 4080
84 229 144 276 110
434 215 592 268 VERGILI
619 214 818 268 AENEIDOS

210 396 348 461 Talibus
365 404 513 459 orantem
530 395 626 458 dictis
643 415 784 477 arasque
799 404 969 459 tenentem
1046 450 1050 457 .

81 530 127 565 220
168 501 285 564 Audiit
301 500 521 582 omnipotens,
540 500 719 581 oculosque
736 499 778 562 ad
796 499 925 563 moenia
940 501 1036 564 torsit

169 606 276 687 Regia
292 615 324 669 et
342 605 460 668 oblitos
476 605 588 666 famae
605 603 748 666 melioris
768 614 927 667 amantes.

167 712 253 773 Tum
271 711 316 773 sic
336 710 537 772 Mercurium
555 708 743 789 adloquitur
759 728 796 770 ac
814 708 892 771 talia
908 710 1060 773 mandat:

168 815 292 877 “Vade
309 833 380 894 age,
399 823 484 888 nate,
502 833 584 875 voca
602 813 775 896 Zephyros
792 821 826 875 et
841 812 952 876 labere
968 814 1090 895 pennis,

169 918 442 999 Dardaniumque
459 917 587 992 ducem,
605 917 707 1000 Tyria
725 917 934 999 Karthagine
951 919 1008 1002 qui
1023 937 1102 981 nunc

81 1050 126 1102 225
169 1025 358 1104 Exspectat,
378 1022 521 1103 fatisque
538 1021 633 1084 datas
649 1041 715 1083 non
733 1021 867 1102 respicit
884 1023 992 1099 urbes,

168 1128 361 1209 Adloquere
378 1135 411 1188 et
428 1126 552 1189 celeres
569 1126 663 1188 defer
680 1146 754 1188 mea
770 1126 857 1189 dicta
874 1147 934 1208 per
950 1147 1055 1191 auras.

169 1234 246 1295 Non
264 1232 353 1293 illum
371 1231 465 1293 nobis
482 1231 631 1312 genetrix
647 1230 870 1312 pulcherrima
885 1232 986 1294 talem

169 1337 320 1399 Promisit
337 1335 539 1417 Graiumque
556 1335 631 1397 ideo
648 1335 697 1397 bis
713 1335 859 1398 vindicat
876 1337 994 1413 armis;

168 1441 235 1505 Sed
252 1443 333 1516 fore,
351 1442 406 1522 qui
423 1440 594 1520 gravidam
610 1439 756 1520 imperiis
773 1440 925 1521 belloque
942 1442 1123 1504 frementem

81 1572 127 1622 230
169 1544 298 1607 ltaliam
315 1553 454 1625 regeret,
472 1564 578 1624 genus
595 1544 661 1605 alto
678 1564 698 1605 a
714 1544 876 1624 sanguine
892 1545 1014 1609 Teucri

169 1649 334 1723 Proderet,
352 1657 512 1710 actutum
530 1646 591 1710 sub
608 1648 699 1728 leges
717 1647 862 1710 mitteret
877 1648 1001 1712 orbem.

168 1752 202 1816 Si
219 1753 309 1814 nulla
326 1753 477 1814 accendit
493 1761 660 1814 tantarum
677 1752 781 1832 gloria
797 1772 906 1815 rerum

170 1857 241 1918 Nec
259 1877 358 1938 super
375 1857 445 1937 ipse
463 1877 522 1918 sua
539 1856 671 1918 molitur
688 1856 785 1918 laude
802 1856 957 1931 laborem,

168 1961 358 2023 Ascanione
375 1969 470 2041 pater
488 1961 658 2022 Romanas
674 1960 798 2022 invidet
814 1961 931 2023 arces?

81 2089 126 2140 ²35
169 2064 258 2146 Quid
276 2065 393 2125 struit?
418 2074 474 2126 aut
491 2085 556 2146 qua
573 2084 641 2144 spe,
660 2064 792 2126 inimica
808 2066 841 2126 in
859 2074 968 2146 gente,
987 2054 1125 2131 moratur,
1150 2105 1153 2112 .

170 2169 241 2230 Nec
258 2168 384 2248 prolem
401 2169 586 2230 Ausoniam
604 2178 637 2230 et
656 2168 795 2230 Lavinia
811 2169 945 2250 respicit
961 2169 1060 2232 arva?

170 2272 331 2352 Naviget:
357 2273 437 2334 haec
455 2292 584 2333 summa
600 2282 668 2348 est;
693 2272 746 2334 hic
764 2273 867 2335 nostri
883 2274 1018 2337 nuntius
1034 2265 1122 2336 esto.’'

212 2377 356 2437 Dixerat.
407 2376 467 2438 Ille
483 2378 586 2456 patris
604 2376 717 2456 magni
734 2397 849 2457 parere
866 2378 1005 2458 parabat

169 2479 331 2560 lmperio;
357 2487 389 2541 et
406 2481 549 2560 primum
568 2480 708 2561 pedibus
725 2480 842 2542 talaria
858 2481 962 2544 nectit

81 2609 127 2656 240
167 2584 290 2657 Aurea,
309 2604 394 2665 quae
412 2584 585 2646 sublimem
603 2585 663 2646 alis
680 2586 749 2647 sive
766 2605 911 2667 aequora
928 2606 1029 2668 supra

168 2687 231 2750 Seu
250 2698 370 2749 terram
388 2688 503 2769 rapido
520 2687 642 2769 pariter
657 2709 732 2751 cum
750 2689 882 2752 flamine
899 2699 1040 2770 portant.

167 2793 255 2852 Tum'
269 2793 396 2872 virgam
412 2792 519 2874 capit;
546 2793 609 2854 hac
625 2792 752 2856 animas
769 2794 822 2855 ille
840 2803 957 2856 evocat
973 2794 1060 2858 Orco

169 2896 341 2969 Pallentes,
360 2895 440 2958 alias
458 2897 518 2958 sub
536 2897 676 2957 Tartara
693 2896 798 2958 tristia
815 2896 922 2972 mittit,

169 3000 236 3060 Dat
252 3020 386 3061 somnos
403 3000 593 3082 adimitque,
611 3009 644 3061 et
662 3001 785 3061 lumina
802 3009 907 3063 morte
924 3001 1077 3084 resignat.

80 3127 125 3178 ²45
169 3103 230 3163 Illa
246 3103 352 3165 fretus
369 3105 437 3184 agit
453 3113 579 3179 ventos,
597 3113 630 3166 et
646 3103 776 3165 turbida
793 3113 903 3166 tranat

162 3206 300 3269 Nubila.
357 3208 495 3290 lamque
511 3209 627 3270 volans
644 3210 771 3289 apicem
789 3218 822 3270 ct
840 3211 943 3273 latera
959 3211 1060 3273 ardua
1075 3199 1161 3271 cernit

165 3311 311 3373 Atlantis
328 3312 410 3387 duri,
429 3313 556 3374 caelum
574 3314 629 3394 qui
646 3312 768 3376 vertice
785 3314 889 3391 fulcit,

165 3414 320 3489 Atlantis,
339 3416 482 3477 cinctum
500 3417 636 3479 adsidue
652 3417 705 3479 cui
722 3417 864 3484 nubibus
882 3422 960 3482 atris
1057 3498 1060 3501 Α

167 3517 345 3580 Piniferum
363 3529 463 3600 caput
479 3530 512 3583 et
527 3531 627 3584 uento
645 3523 795 3602 pulsatur
811 3532 844 3586 et
860 3524 975 3597 imbri;

79 3647 124 3698 250
167 3621 232 3683 Nix
249 3643 379 3685 umeros
396 3624 506 3686 infusa
522 3625 605 3706 tegit
616 3645 622 3699 ;
647 3636 717 3687 tum
735 3626 871 3691 flumina
888 3639 998 3691 mento

166 3727 387 3807 Praecipitant
405 3729 501 3804 senis,
519 3738 552 3791 et
568 3729 674 3809 glacie
690 3729 775 3810 riget
792 3729 924 3795 horrida
941 3733 1053 3800 barba.
