2534 4080
84 193 141 254 142
436 180 595 232 venerer
622 181 822 234 Aennroos

81 387 126 438 540
169 361 212 423 Et
228 359 370 442 primum
388 369 465 422 ante
482 380 597 422 omnes
614 359 772 423 victorem
788 361 937 443 appellat
953 361 1106 425 Acesten.

168 465 240 527 Nec
256 463 364 527 bonus
382 463 542 547 Eurytion
560 465 709 545 praelato
726 464 843 528 invidit
859 465 986 540 honori,

167 568 329 649 Quamvis
346 568 435 630 solus
452 587 548 629 avem
566 569 658 630 caelo
675 568 794 631 deiecit
809 568 852 631 ab
869 570 946 633 alto,

167 671 338 734 Proximus
355 671 538 752 ingreditur
554 671 659 746 donis,
678 672 734 753 qui
749 672 883 735 vincula
899 673 997 755 rupit,

168 775 354 850 Extremus,
371 774 498 837 volucri
514 776 570 856 qui
586 774 655 838 fixit
671 775 832 840 arundine
849 777 981 840 malum.

79 1003 124 1054 545
210 983 259 1044 At
275 992 370 1063 pater
387 982 533 1061 Aeneas,
552 983 700 1045 nondum
720 983 902 1047 certamine
918 985 1029 1060 misso,

167 1086 348 1150 Custodem
365 1086 407 1147 ad
424 1106 497 1148 sese
515 1088 736 1168 comitemque
753 1087 897 1169 impubis
916 1089 981 1151 Iuli

168 1190 336 1273 Epytiden
354 1199 460 1265 vocat,
479 1200 512 1252 et
529 1191 628 1252 fidam
646 1190 692 1253 sic
710 1192 799 1253 fatur
815 1193 858 1254 ad
874 1212 1008 1254 aurem:

212 1294 338 1357 “Vade
356 1314 428 1375 age,
442 1303 476 1356 et
492 1295 649 1370 Ascanio,
668 1296 695 1356 si
711 1294 774 1356 iam
793 1295 919 1376 puerile
936 1307 1085 1379 paratum

165 1400 301 1480 Agmen
319 1398 420 1460 habet
436 1418 558 1473 secum,
577 1419 759 1480 cursusque
776 1398 930 1463 instruxit
946 1419 1108 1482 equorum,

80 1521 127 1573 550
171 1503 280 1564 Ducat
297 1523 359 1565 avo
375 1511 510 1578 turmas,
529 1513 562 1565 et
579 1522 652 1564 sese
670 1504 823 1566 ostendat
839 1506 872 1566 in
889 1505 999 1580 armis,

169 1606 230 1668 Dic
244 1606 260 1629 ”
279 1605 331 1667 ait.
381 1606 459 1686 lpse
477 1626 607 1669 omnem
626 1608 726 1686 longo
743 1607 904 1671 decedere
921 1608 1008 1672 circo

168 1710 321 1771 Infusum
340 1710 509 1790 populum,
527 1719 561 1772 et
577 1730 713 1790 campos
730 1710 820 1774 iubet
836 1732 910 1775 esse
927 1722 1083 1793 patentes.

211 1814 375 1876 Incedunt
392 1815 494 1893 pueri,
514 1815 701 1896 pariterque
720 1824 796 1877 ante
813 1837 870 1878 ora
887 1827 1060 1898 parentum

167 1916 319 1980 Frenatis
336 1919 446 1980 lucent
464 1919 497 1979 in
514 1920 616 2000 equiS,
635 1939 718 2000 quos
735 1921 842 1981 omnis
858 1930 975 1984 euntes

78 2041 124 2093 555
165 2021 355 2084 Trinacriae
374 2021 491 2084 mirata
509 2022 621 2084 fremit
639 2023 825 2106 Troiaeque
842 2023 1006 2088 iuventus

167 2124 333 2190 Omnibus
349 2127 382 2187 in
399 2146 524 2188 morem
542 2136 638 2189 tonsa
655 2148 750 2190 coma
767 2149 886 2209 pressa,
900 2150 1038 2206 corona;

166 2230 295 2294 Cornea
311 2229 388 2291 bina
405 2229 519 2292 ierunt
536 2231 682 2311 praefixa
699 2232 830 2294 hastilia
847 2233 945 2308 ferm,

167 2334 246 2395 Pars
264 2333 353 2395 leves
370 2353 484 2395 umero
502 2335 693 2413 pharetras;
718 2337 743 2398 it
761 2346 894 2417 pectore
911 2356 1040 2400 summo

167 2435 300 2500 Flexilis
317 2437 437 2498 obtorti
456 2456 515 2518 per
531 2438 653 2500 collum
670 2439 811 2502 circulus
828 2441 906 2503 auri.

79 2547 126 2612 560
165 2542 249 2603 Tres
266 2541 412 2622 equitum
430 2561 569 2604 numero
586 2551 725 2618 turmae,
744 2544 895 2626 ternique
911 2555 1072 2627 vagantur

143 2717 144 2720 Ἴ
167 2645 351 2720 Ductores;
378 2645 471 2725 pueri
489 2646 539 2708 bis
557 2645 627 2708 seni
646 2667 811 2728 quemque
829 2649 933 2711 secuti

165 2748 311 2830 Agmine
329 2750 450 2829 partito
468 2750 600 2831 fulgent
618 2751 818 2833 paribusque
836 2753 1012 2834 magistris.

166 2854 242 2917 Una
260 2854 348 2916 acies
364 2854 530 2929 iuvenum,
550 2855 639 2917 ducit
659 2875 757 2936 quam
776 2877 898 2937 parvus
914 2868 1065 2922 ovantem

167 2957 297 3019 Nomen
317 2957 368 3018 avi
385 2957 534 3021 referens
554 2959 711 3034 Priamus,
730 2968 786 3021 tua
803 2963 901 3037 clara,
921 2963 1033 3037 Polite,

78 3065 123 3130 565
166 3060 353 3141 Progenies,
373 3071 509 3124 auctura
529 3063 652 3137 Italos;
677 3083 775 3144 quem
794 3065 957 3129 Thracius
973 3065 1055 3129 albis

166 3165 277 3227 Portat
295 3185 399 3246 equus
416 3165 541 3228 bicolor
559 3167 704 3241 maculis,
723 3167 863 3249 vestigia
880 3170 976 3251 primi

165 3268 252 3330 Alba
270 3268 365 3350 pedis
383 3269 594 3351 frontemque
612 3279 783 3352 ostentans
800 3273 924 3336 arduus
940 3274 1056 3337 albam.

166 3372 260 3434 Alter
279 3373 376 3457 Atys
395 3393 501 3453 genus
518 3374 605 3436 unde
623 3374 693 3436 Atii
711 3374 833 3437 duxere
853 3377 973 3452 Latini,

168 3477 291 3539 Parvus
309 3478 406 3560 Atys,
426 3497 594 3559 pueroque
612 3498 694 3559 puer
710 3478 849 3542 dilectus
868 3481 950 3544 Iulo.

79 3597 126 3649 570
168 3581 354 3655 Extremus,
372 3581 545 3662 formaque
563 3592 640 3644 ante
657 3601 773 3644 omnes
790 3584 937 3662 pulcher,
958 3586 1048 3648 Iulus

168 3683 304 3747 Sidonio
321 3695 370 3746 est
387 3683 536 3746 invectus
553 3705 647 3766 equo,
665 3705 762 3767 quem
779 3688 921 3750 candida
940 3691 1028 3753 Dido
