2534 4080
400 231 512 282 uranu
539 231 688 282 saxrus
985 291 999 319 ,
1032 239 1089 305 175

82 412 251 474 Horrescit
267 410 341 473 visu
358 409 475 484 subito,
494 429 678 491 causasque
696 409 831 490 requirit

82 516 206 578 Inscius
224 515 378 590 Aeneas;
404 533 489 594 quae
506 513 571 575 sint
588 534 627 574 ea
644 513 779 575 flumina
796 535 903 594 porr0‚

81 621 184 702 Quive
200 619 262 681 viri
279 627 373 681 tanto
389 617 586 699 complerint
603 619 736 698 agmine
753 618 851 698 ripas.

120 727 207 787 Tum
224 732 319 804 pater
336 722 519 785 Anchises:
547 727 564 752 “
576 722 729 797 Animae,
748 722 867 802 quibus
887 724 991 786 altera
1007 725 1077 786 fato

81 831 224 910 Corpora
241 827 413 902 debentur,
433 827 573 889 Lethaei
590 827 630 887 ad
648 826 792 888 fluminis
809 828 932 889 undam

81 933 221 996 Securos
238 932 352 994 latices
369 941 403 993 et
419 931 519 1011 longa
537 930 657 992 oblivia
674 940 799 1012 potant.

81 1038 151 1099 Has
168 1036 322 1118 equidem
340 1056 522 1097 memorare
539 1034 598 1096 tibi
615 1045 715 1116 atque
731 1037 905 1098 ostendere
922 1057 1042 1111 coram,

81 1140 280 1222 Iampridem
298 1140 384 1201 hanc
402 1139 527 1220 prolem
547 1138 644 1219 cupio
661 1159 856 1202 enumerare
874 1161 1031 1215 meorum,

81 1245 153 1326 Quo
170 1243 278 1325 magis
297 1244 393 1305 ltalia
410 1263 539 1305 mecum
557 1243 679 1305 laetere
696 1245 858 1324 reperta.’'

81 1350 135 1412 “O
148 1358 252 1431 pater,
264 1367 351 1409 anne
364 1347 491 1428 aliquas
502 1348 543 1408 ad
555 1348 681 1409 caelum
696 1349 772 1409 hinc
783 1349 830 1410 ire
844 1348 1027 1429 putandum
1041 1358 1091 1411 est

81 1453 244 1516 Sublimes
260 1453 396 1526 animaS,
415 1451 599 1532 iterumque
615 1452 656 1513 ad
673 1452 767 1513 tarda
783 1451 903 1514 reverti

80 1557 248 1638 Corpora?
273 1575 358 1637 quae
374 1555 456 1617 lucis
473 1555 600 1616 miseris
616 1566 683 1616 tam
700 1556 771 1617 dira
787 1556 929 1636 cupido?
942 1558 958 1580 ’'

81 1663 226 1724 “Dicam
244 1659 408 1741 equidem,
426 1681 486 1721 nec
503 1670 536 1721 te
553 1681 761 1739 suspensum,
779 1669 865 1734 nate,
883 1661 1035 1723 teneb0.''

80 1765 223 1846 Suscipit
240 1764 416 1839 Anchises,
435 1775 534 1845 atque
551 1757 664 1825 ordine
681 1765 812 1845 singula
834 1765 958 1845 pandit.

122 1867 316 1948 “Principio
333 1868 459 1930 caelum
477 1888 515 1929 ac
532 1877 637 1929 terras
654 1888 857 1949 camposque
879 1870 1041 1950 liquentes

80 1974 330 2053 Lucentemque
347 1972 480 2052 globum
502 1973 617 2034 Lunae
634 1972 832 2053 Titaniaque
849 1983 937 2034 astra

80 2077 221 2158 Spiritus
238 2075 327 2138 intus
344 2076 409 2150 alit,
427 2085 597 2156 totamque
614 2076 725 2138 infusa
742 2097 802 2156 per
818 2086 907 2139 artus

79 2182 175 2242 Mens
192 2181 296 2261 agitat
314 2180 433 2242 molem
451 2189 484 2242 et
500 2201 623 2260 magno
640 2200 675 2241 se
692 2176 829 2261 corpore
848 2182 970 2244 miscet.

79 2285 160 2347 Inde
178 2285 348 2346 hominum
366 2285 597 2366 pecudumque
613 2305 720 2365 genus
735 2287 889 2367 vitaeque
905 2285 1074 2347 volantum

79 2389 122 2451 Et
137 2409 222 2471 quae
240 2408 423 2450 marmoreo
442 2389 507 2450 fert
524 2401 671 2451 monstra
688 2390 750 2450 sub
767 2409 907 2470 aequore
924 2397 1055 2469 pontus.

79 2493 202 2573 lgneus
219 2501 270 2554 est
287 2492 360 2554 ollis
376 2492 470 2572 vigor
486 2502 519 2554 et
535 2494 687 2555 caelestis
705 2494 797 2573 origo

80 2596 275 2671 Seminibus,
295 2606 455 2678 quantum
472 2616 538 2658 non
556 2597 652 2658 noxia
669 2617 806 2677 corpora
823 2597 956 2658 tardant

78 2700 281 2782 Terrenique
299 2701 457 2763 hebetant
474 2712 563 2763 artus
580 2700 842 2781 moribundaque
859 2700 1015 2762 membra.

80 2805 168 2868 Hinc
192 2814 344 2867 metuunt
368 2804 581 2887 cupiuntque,
600 2805 713 2866 dolent
737 2805 959 2885 gaudentque,
982 2822 1089 2885 neque

163 2929 260 2971 auras

80 3013 267 3095 Dispiciunt
283 3014 416 3076 clausae
432 3014 577 3076 tenebris
595 3023 626 3075 et
643 3032 775 3075 carcere
791 3033 899 3075 caeco

118 3117 237 3199 “Quin
254 3127 288 3179 et
304 3138 459 3197 supremo
475 3138 549 3179 cum
567 3116 690 3178 lumine
706 3117 774 3178 vita
790 3116 928 3197 reliquit,

79 3222 154 3283 Non
171 3230 283 3282 tamen
301 3241 399 3283 omne
416 3222 538 3283 malum
556 3221 684 3282 miseris
700 3241 761 3282 nec
779 3219 929 3282 funditus
946 3236 1060 3280 omnes

78 3325 265 3405 Corporeae
282 3327 446 3388 excedunt
463 3337 584 3407 pestes,
603 3325 800 3406 penitusque
817 3342 954 3385 necesse
971 3330 1021 3383 est

78 3429 184 3491 Multa
202 3428 257 3490 diu
275 3441 430 3493 concreta
447 3430 553 3493 modis
570 3431 751 3493 inolescere
769 3427 867 3489 miris.

78 3532 168 3614 Ergo
185 3544 379 3595 exercentur
397 3536 522 3616 poeniS,
540 3545 755 3615 veterumque
772 3533 932 3594 malorum

80 3636 248 3717 Supplicia
266 3640 466 3717 expendunt.
515 3639 613 3701 Aliae
631 3638 823 3719 panduntur
839 3637 954 3698 inanes

80 3739 269 3821 Suspensae
286 3741 327 3801 ad
343 3754 478 3818 ventos;
504 3743 575 3805 aliis
593 3743 653 3806 sub
670 3741 802 3824 gurgite
817 3749 912 3804 vasto
