2534 4080
236 683 276 752 P.
313 679 543 752 varroni
584 679 840 751 unaours

325 891 754 984 AENEIDOS

359 1171 504 1234 LIBER
535 1171 719 1235 SEXTUS

116 1342 171 1407 Sic
188 1341 280 1403 fatur
295 1339 480 1413 lacrimans
499 1339 661 1420 classique
679 1339 822 1401 immittit
840 1337 998 1416 habenas

76 1447 115 1508 Et
131 1446 269 1509 tandem
290 1443 444 1506 Euboicis
462 1443 641 1506 Cumarum
659 1443 822 1504 adlabitur
839 1444 912 1505 oris.

77 1550 267 1614 Obvertunt
285 1548 404 1629 pelago
422 1567 557 1628 proras;
582 1555 651 1608 tum
669 1547 766 1610 dente
784 1549 893 1631 tenaci

77 1655 210 1717 Ancora
227 1650 389 1714 fundabat
407 1670 518 1724 naves
536 1659 567 1713 et
585 1650 679 1712 litora
696 1671 815 1714 curvae

78 1760 275 1821 Praetexunt
293 1776 432 1836 puppes,
482 1755 644 1816 Iuvenum
663 1775 781 1817 manus
798 1758 916 1819 emicat
933 1760 1053 1822 ardens

78 1863 169 1925 Litus
185 1863 219 1923 in
238 1860 459 1939 Hesperium;
484 1859 611 1940 quaerit
629 1879 705 1940 pars
722 1860 849 1922 semina
865 1861 1018 1925 flammae

78 1967 242 2029 Abstrusa
258 1965 291 2025 in
308 1963 400 2025 venis
418 1963 526 2037 silicis,
546 1983 623 2045 pars
640 1963 743 2025 densa
760 1965 906 2027 ferarum

76 2072 177 2134 Tecta
195 2069 280 2151 rapit
298 2069 406 2144 silvas,
424 2069 624 2151 inventaque
643 2069 779 2132 flumina
795 2081 966 2133 monstrat.

68 2177 121 2250 vAt
138 2177 212 2256 pius
229 2173 364 2236 Aeneas
382 2194 484 2247 arces,
503 2173 623 2254 quibus
641 2174 727 2236 altus
744 2175 869 2257 Apollo

77 2279 252 2354 Praesidet,
271 2278 522 2358 horrendaeque
540 2279 655 2359 procul
674 2288 799 2341 secreta
818 2279 973 2364 Sibyllae,

77 2385 220 2446 Antrum
229 2382 384 2456 immane,
394 2381 486 2463 petit,
497 2401 653 2462 magnam
666 2383 718 2444 cui
727 2393 870 2446 mentem
879 2383 1092 2464 animumque

78 2488 192 2550 Delius
208 2486 347 2568 inspirat
364 2496 457 2548 vates
475 2488 646 2567 aperitque
663 2487 785 2550 futura.

77 2593 146 2654 Iam
164 2591 307 2654 subeunt
323 2589 455 2652 Triviae
473 2589 564 2652 lucos
581 2599 679 2671 atque
696 2610 796 2653 aurea
812 2600 917 2655 tecta.¹
1019 2575 1021 2580 ⁵

121 2695 300 2768 Daedalus,
317 2704 354 2757 ut
370 2695 460 2756 fama
477 2704 535 2768 est,
554 2694 688 2775 fugiens
706 2695 832 2757 Minora
849 2715 962 2776 regna,

79 2800 292 2884 Praepetibus
309 2800 428 2882 pennis
445 2822 546 2870 ausus
564 2820 599 2863 se
616 2800 749 2862 credere
766 2800 868 2874 caelo,

79 2904 249 3003 Insuetum
267 2925 325 2985 per
340 2906 402 2967 iter
418 2905 545 2986 gelidas
562 2905 672 2967 enavit
689 2904 731 2965 ad
748 2904 879 2978 Arctos,

79 3009 332 3090 Chalcidicaque
349 3009 430 3072 levis
446 3010 581 3072 tandem
599 3029 699 3090 super
715 3007 840 3070 adstitit
857 3029 941 3071 arce.

81 3113 241 3176 Redditus
257 3113 309 3176 his
326 3115 469 3194 primum
485 3114 590 3190 terris,
610 3113 676 3189 tibi,
697 3111 837 3186 Phoebe,
855 3112 996 3175 sacravit

81 3217 268 3299 Remigium
285 3218 420 3294 alarum,
439 3219 613 3301 posuitque
630 3217 786 3296 immania
803 3215 935 3296 templa.

80 3321 117 3384 In
133 3323 260 3386 foribus
277 3321 378 3385 letum
395 3323 597 3404 Androgeo;
622 3334 691 3386 tum
709 3324 854 3405 pendere
870 3341 996 3402 poenas
1104 3396 1115 3412 „

80 3427 282 3509 Cecropidae
298 3426 429 3491 iussi-
440 3428 613 3491 miserum!
627 3438 820 3509 —septena
836 3426 1014 3510 quotannis

81 3531 226 3614 Corpora
242 3540 413 3594 natorum:
439 3542 503 3595 stat
520 3533 625 3602 ductis
643 3532 786 3596 sortibus
802 3553 892 3596 urna.

81 3635 202 3699 Contra
218 3635 306 3698 elata
321 3637 402 3699 mari
420 3637 599 3718 respondet
617 3637 738 3700 Cnosia
754 3637 871 3701 tellus:

518 3760 563 3816 Ι53
