2580 4072
117 202 156 282 38
476 205 634 257 veneni
660 203 859 256 naneroos

116 415 161 450 220
204 386 385 468 Praecipue
403 385 476 467 pius
494 384 628 449 Aeneas
646 403 733 465 nunc
746 384 835 458 acris
852 384 981 459 Oronti,

205 493 302 553 Nunc
320 490 442 573 Amyci
458 463 691 576 crisudffffinfit
708 497 741 549 et
758 487 903 551 crudelia
920 496 1032 551 secum

204 597 286 658 Fata
305 595 395 680 Lyci,
414 594 601 673 fortemque
620 593 727 676 Gyan,
746 591 938 673 fortemque·
952 593 1171 661 Cloanthum.

247 804 371 867 Etiam
388 803 467 865 finis
484 812 564 877 erat,
583 822 658 864 cum
678 803 830 882 Iuppiter
847 805 982 866 aethere
999 814 1132 867 summo

205 909 401 990 Despiciens
418 927 508 969 mare
525 906 701 993 velivolum
718 914 823 982 terras
849 928 889 970 uc
906 908 1053 971 iacentes

117 1042 161 1091 ²²5
205 1015 317 1119 Lippa
343 1033 386 1095 ue
400 1022 433 1075 et
450 1013 534 1087 latos
550 981 703 1097 populos,
722 1021 768 1073 sic
784 929 1006 1075 ve‘lliedcaen
1036 1019 1040 1024 '

203 1035 377 1182 consilli?
374 1127 408 1180 et
425 1099 553 1206 Libyae
570 1115 686 1215 defixit
702 1116 827 1223 lifflra
843 1125 963 1197 regnis.

18 1192 315 1304 ff'rltque
332 1221 424 1284 illum
437 1222 523 1283 tales
539 1220 717 1282 iactantem
737 1230 871 1303 pectore
888 1229 984 1284 curas

202 1326 341 1388 Tristior
357 1335 390 1388 et
406 1320 549 1388 lacrimis
567 1325 680 1387 oculos
697 1326 827 1387 suffusa
844 1325 987 1388 nitentes

204 1431 405 1512 Adloquitur
421 1432 556 1494 Venus:
584 1415 640 1493 “Q
657 1439 714 1511 qui
730 1436 782 1491 res
796 1430 1034 1512 hominumque
1050 1432 1226 1515 deumque
1243 1426 1246 1433 ’

116 1561 162 1612 230
205 1536 361 1598 Aeternis
378 1536 465 1614 regis
482 1533 637 1614 imperiis
656 1543 689 1596 et
706 1534 847 1596 fulmine
862 1542 976 1609 terres

203 1639 292 1720 Quid
310 1658 403 1700 meus
420 1638 555 1722 Aeneas
572 1639 605 1699 in
623 1645 656 1699 te
673 1639 879 1700 committere
896 1648 1036 1714 tantum,

204 1743 292 1824 Quid
309 1744 414 1805 Troes
430 1749 578 1824 potuere,
596 1742 725 1824 quibus
743 1752 793 1804 tot
811 1743 930 1806 limera
947 1753 1062 1825 passis
1120 1725 1123 1729 ’

203 1847 351 1910 Cunctus
367 1846 409 1909 ob
428 1832 558 1908 ltaliam
575 1853 736 1909 terrarum
754 1847 918 1910 clauditur
934 1847 1042 1910 orbis?

204 1951 302 2014 Certe
319 1952 394 2013 hinc
414 1952 582 2013 Romanos
599 1950 686 2027 olim,
704 1952 915 2015 volventibus
936 1962 1041 2026 annis,

116 2081 161 2133 235
205 2055 294 2117 Hinc
311 2056 383 2118 fore
399 2056 562 2130 ductores,
580 2064 736 2118 revocato
752 2063 771 2116 a
788 2056 949 2135 sanguine
966 2056 1096 2131 Teucri,

204 2158 270 2240 Qui
286 2179 385 2235 mare,
404 2169 460 2240 qui
475 2166 580 2222 terras
598 2164 688 2222 omni
705 2160 834 2221 dicione
851 2166 1011 2233 tenerent,

183 2322 186 2327 .
205 2263 386 2338 Pollicitus;
411 2283 496 2344 quae
513 2271 554 2339 te,
573 2264 712 2344 genitor,
731 2264 897 2324 sententia
912 2263 1028 2323 vertit?

205 2366 279 2429 Hoc
296 2366 448 2448 equidem
466 2374 620 2429 occasum
639 2366 758 2450 Troiae
776 2372 953 2447 tristesque
970 2375 1081 2429 ruinas

204 2469 351 2546 Solabar,
369 2471 447 2533 saitis
463 2470 627 2533 contraria
644 2472 714 2533 fata
730 2472 933 2552 rependens;

117 2601 163 2646 240
205 2574 304 2637 Nunc
321 2573 437 2637 eadem
455 2575 591 2638 fortuna
608 2576 695 2638 viros
713 2584 761 2638 tot
779 2576 910 2639 casibus
927 2584 1018 2638 actos

205 2663 405 2759 insequitur.
454 2680 562 2761 Quem
580 2680 639 2742 das
656 2680 769 2754 finem,
789 2688 845 2742 rex
861 2688 991 2762 magne,
1010 2680 1184 2746 laborum?

249 2783 431 2846 “Antenor
447 2787 563 2866 potuit,
583 2784 699 2847 mediis
717 2784 850 2865 elapsus
867 2785 1015 2859 Achivis

205 2885 354 2971 Illyricos
372 2896 546 2969 penetrare
564 2891 656 2955 simis
674 2899 773 2970 atque
791 2888 906 2951 intima
922 2897 1012 2952 tutus

206 2991 324 3072 Regna
342 2992 574 3068 Liburnorum,
592 3005 625 3057 et
642 2995 769 3056 fontem
788 3001 945 3074 superare
961 2995 1099 3068 Timavi,

117 3119 162 3171 245
205 3095 305 3159 Unde
322 3103 454 3176 perora
471 3118 590 3187 novem
607 3105 702 3162 vasto
719 3120 793 3162 cum
810 3119 977 3162 murmure
995 3098 1115 3160 montis

205 3199 235 3262 lt
252 3219 341 3263 mare
358 3208 553 3281 proruptum
571 3213 603 3266 et
621 3203 741 3284 pelago
758 3205 877 3286 premit
893 3224 971 3265 arva
988 3211 1128 3265 sonanti.

205 3302 270 3366 Hic
287 3312 397 3367 tamen
415 3305 468 3368 ille
486 3305 599 3368 urbem
619 3308 733 3370 Patavi
749 3309 910 3389 sedesque
928 3308 1046 3370 locavit

203 3408 417 3484 Teucrorum,
435 3419 468 3473 et
483 3419 576 3491 genti
593 3418 714 3474 nomen
732 3412 822 3474 dedit
840 3432 996 3493 armaque
1014 3411 1085 3472 fixit

203 3512 312 3586 Troia,
330 3533 419 3575 nunc
437 3514 565 3594 placida
583 3526 774 3595 compostus
793 3523 875 3596 pace
893 3515 1040 3598 quiescit.
1137 3506 1142 3527 ²

117 3642 163 3693 250
206 3617 285 3691 Nos,
303 3625 360 3678 tua
377 3617 561 3699 progenies
579 3620 661 3681 caeli
678 3618 796 3700 quibus
813 3619 931 3681 adnuis
947 3639 1066 3693 arcem,

207 3721 365 3794 Navibus
382 3721 575 3783 infandum!
600 3723 739 3796 amissis,
758 3730 854 3785 unius
871 3723 912 3785 ob
930 3732 1010 3786 iram

528 3990 574 4026 A
670 4000 694 4025 ι..
