<?xml version="1.0" encoding="UTF-8"?>
<!DOCTYPE html PUBLIC "-//W3C//DTD XHTML 1.0 Transitional//EN"
    "http://www.w3.org/TR/xhtml1/DTD/xhtml1-transitional.dtd">
<html xmlns="http://www.w3.org/1999/xhtml" xml:lang="en" lang="en">
 <head>
  <title>
</title>
<meta http-equiv="Content-Type" content="text/html;charset=utf-8" />
  <meta name='ocr-system' content='tesseract 3.04.00' />
  <meta name='ocr-capabilities' content='ocr_page ocr_carea ocr_par ocr_line ocrx_word'/>
</head>
<body>
  <div class='ocr_page' id='page_1' title='image "./virgilsaeneidbo00friegoog_0113.png"; bbox 0 0 2534 4080; ppageno 0'>
   <div class='ocr_carea' id='block_1_1' title="bbox 83 157 815 241">
    <p class='ocr_par' dir='ltr' id='par_1_1' title="bbox 83 157 815 241">
     <span class='ocr_line' id='line_1_1' title="bbox 83 157 815 241; baseline -0.008 -16"><span class='ocrx_word' id='word_1_1' title='bbox 83 178 142 241; x_wconf 90' lang='lat'>104</span> <span class='ocrx_word' id='word_1_2' title='bbox 434 165 592 217; x_wconf 72' lang='lat' dir='ltr'>varroni</span> <span class='ocrx_word' id='word_1_3' title='bbox 619 157 815 220; x_wconf 65' lang='lat' dir='ltr'>Aruernos</span> 
     </span>
    </p>
   </div>
   <div class='ocr_carea' id='block_1_2' title="bbox 78 345 1165 3764">
    <p class='ocr_par' dir='ltr' id='par_1_2' title="bbox 167 345 1006 429">
     <span class='ocr_line' id='line_1_2' title="bbox 167 345 1006 429; baseline 0.001 -18"><span class='ocrx_word' id='word_1_4' title='bbox 167 347 233 411; x_wconf 87' lang='lat' dir='ltr'>Sed</span> <span class='ocrx_word' id='word_1_5' title='bbox 249 346 331 408; x_wconf 91' lang='lat' dir='ltr'>mihi</span> <span class='ocrx_word' id='word_1_6' title='bbox 346 345 398 409; x_wconf 93' lang='lat' dir='ltr'>vel</span> <span class='ocrx_word' id='word_1_7' title='bbox 414 346 512 409; x_wconf 86' lang='lat' dir='ltr'>tellus</span> <span class='ocrx_word' id='word_1_8' title='bbox 529 355 640 427; x_wconf 86' lang='lat' dir='ltr'>optem</span> <span class='ocrx_word' id='word_1_9' title='bbox 658 346 749 429; x_wconf 89' lang='lat' dir='ltr'>prius</span> <span class='ocrx_word' id='word_1_10' title='bbox 766 346 831 410; x_wconf 91' lang='lat' dir='ltr'>ima</span> <span class='ocrx_word' id='word_1_11' title='bbox 847 349 1006 424; x_wconf 87' lang='lat' dir='ltr'>dehiscat,-</span> 
     </span>
    </p>

    <p class='ocr_par' dir='ltr' id='par_1_3' title="bbox 79 451 1131 1054">
     <span class='ocr_line' id='line_1_3' title="bbox 79 451 1131 533; baseline -0.001 -20"><span class='ocrx_word' id='word_1_12' title='bbox 79 479 109 530; x_wconf 83' lang='lat'>25</span> <span class='ocrx_word' id='word_1_13' title='bbox 164 453 227 515; x_wconf 89' lang='lat' dir='ltr'>Vel</span> <span class='ocrx_word' id='word_1_14' title='bbox 244 452 342 514; x_wconf 88' lang='lat' dir='ltr'>Pater</span> <span class='ocrx_word' id='word_1_15' title='bbox 357 451 568 533; x_wconf 91' lang='lat' dir='ltr'>omnipotens</span> <span class='ocrx_word' id='word_1_16' title='bbox 585 451 697 532; x_wconf 81' lang='lat' dir='ltr'>adigat</span> <span class='ocrx_word' id='word_1_17' title='bbox 714 471 766 513; x_wconf 94' lang='lat' dir='ltr'>me</span> <span class='ocrx_word' id='word_1_18' title='bbox 783 452 923 516; x_wconf 77' lang='lat' dir='ltr'>fulmine</span> <span class='ocrx_word' id='word_1_19' title='bbox 939 454 980 515; x_wconf 89' lang='lat' dir='ltr'>ad</span> <span class='ocrx_word' id='word_1_20' title='bbox 998 453 1131 523; x_wconf 88' lang='lat' dir='ltr'>umbras,</span> 
     </span>
     <span class='ocr_line' id='line_1_4' title="bbox 168 554 1043 638; baseline 0.001 -19"><span class='ocrx_word' id='word_1_21' title='bbox 168 556 332 619; x_wconf 86' lang='lat' dir='ltr'><strong>Pallentes</strong></span> <span class='ocrx_word' id='word_1_22' title='bbox 349 555 484 618; x_wconf 87' lang='lat' dir='ltr'>umbras</span> <span class='ocrx_word' id='word_1_23' title='bbox 502 554 603 618; x_wconf 84' lang='lat' dir='ltr'>Erebi</span> <span class='ocrx_word' id='word_1_24' title='bbox 619 565 816 638; x_wconf 89' lang='lat' dir='ltr'>noctemque</span> <span class='ocrx_word' id='word_1_25' title='bbox 833 559 1043 638; x_wconf 81' lang='lat' dir='ltr'><strong>profundam,</strong></span> 
     </span>
     <span class='ocr_line' id='line_1_5' title="bbox 166 659 1070 742; baseline 0.001 -19"><span class='ocrx_word' id='word_1_26' title='bbox 166 661 268 736; x_wconf 87' lang='lat' dir='ltr'>Ante,</span> <span class='ocrx_word' id='word_1_27' title='bbox 287 660 405 735; x_wconf 91' lang='lat' dir='ltr'>Pudor,</span> <span class='ocrx_word' id='word_1_28' title='bbox 424 680 523 742; x_wconf 90' lang='lat' dir='ltr'>quam</span> <span class='ocrx_word' id='word_1_29' title='bbox 540 669 572 722; x_wconf 89' lang='lat' dir='ltr'>te</span> <span class='ocrx_word' id='word_1_30' title='bbox 587 659 684 736; x_wconf 88' lang='lat' dir='ltr'>viol0,</span> <span class='ocrx_word' id='word_1_31' title='bbox 703 672 760 723; x_wconf 88' lang='lat' dir='ltr'>aut</span> <span class='ocrx_word' id='word_1_32' title='bbox 775 670 832 723; x_wconf 89' lang='lat' dir='ltr'>tua</span> <span class='ocrx_word' id='word_1_33' title='bbox 848 661 919 723; x_wconf 90' lang='lat' dir='ltr'>iura</span> <span class='ocrx_word' id='word_1_34' title='bbox 935 664 1070 726; x_wconf 87' lang='lat' dir='ltr'>resolvo.</span> 
     </span>
     <span class='ocr_line' id='line_1_6' title="bbox 168 764 984 847; baseline 0.005 -21"><span class='ocrx_word' id='word_1_35' title='bbox 168 765 228 827; x_wconf 93' lang='lat' dir='ltr'>Ille</span> <span class='ocrx_word' id='word_1_36' title='bbox 244 785 344 841; x_wconf 91' lang='lat' dir='ltr'>meos,</span> <span class='ocrx_word' id='word_1_37' title='bbox 363 765 488 847; x_wconf 90' lang='lat' dir='ltr'>primus</span> <span class='ocrx_word' id='word_1_38' title='bbox 505 766 560 846; x_wconf 91' lang='lat' dir='ltr'>qui</span> <span class='ocrx_word' id='word_1_39' title='bbox 577 785 629 827; x_wconf 88' lang='lat' dir='ltr'>me</span> <span class='ocrx_word' id='word_1_40' title='bbox 646 764 707 827; x_wconf 91' lang='lat' dir='ltr'>sibi</span> <span class='ocrx_word' id='word_1_41' title='bbox 723 765 836 841; x_wconf 87' lang='lat' dir='ltr'>iunxit,</span> <span class='ocrx_word' id='word_1_42' title='bbox 854 787 984 830; x_wconf 89' lang='lat' dir='ltr'>amores</span> 
     </span>
     <span class='ocr_line' id='line_1_7' title="bbox 167 869 1074 953; baseline 0.003 -22"><span class='ocrx_word' id='word_1_43' title='bbox 167 869 333 946; x_wconf 82' lang='lat' dir='ltr'>Abstulit3</span> <span class='ocrx_word' id='word_1_44' title='bbox 358 870 413 931; x_wconf 92' lang='lat' dir='ltr'>ille</span> <span class='ocrx_word' id='word_1_45' title='bbox 430 869 552 932; x_wconf 91' lang='lat' dir='ltr'>habeat</span> <span class='ocrx_word' id='word_1_46' title='bbox 568 890 682 932; x_wconf 90' lang='lat' dir='ltr'>secum</span> <span class='ocrx_word' id='word_1_47' title='bbox 700 880 874 952; x_wconf 86' lang='lat' dir='ltr'>servetque</span> <span class='ocrx_word' id='word_1_48' title='bbox 892 869 1074 953; x_wconf 89' lang='lat' dir='ltr'>sepulcro.&#39;&#39;</span> 
     </span>
     <span class='ocr_line' id='line_1_8' title="bbox 166 973 940 1054; baseline 0 -17"><span class='ocrx_word' id='word_1_49' title='bbox 166 973 220 1037; x_wconf 90' lang='lat' dir='ltr'>Sic</span> <span class='ocrx_word' id='word_1_50' title='bbox 236 974 340 1036; x_wconf 84' lang='lat' dir='ltr'>effata</span> <span class='ocrx_word' id='word_1_51' title='bbox 356 973 464 1036; x_wconf 91' lang='lat' dir='ltr'>sinum</span> <span class='ocrx_word' id='word_1_52' title='bbox 483 974 625 1043; x_wconf 77' lang='lat' dir='ltr'>lacrimis</span> <span class='ocrx_word' id='word_1_53' title='bbox 641 974 791 1054; x_wconf 92' lang='lat' dir='ltr'>implevit</span> <span class='ocrx_word' id='word_1_54' title='bbox 807 974 940 1038; x_wconf 83' lang='lat' dir='ltr'>obortis</span> 
     </span>
    </p>

    <p class='ocr_par' dir='ltr' id='par_1_4' title="bbox 168 1077 1019 1368">
     <span class='ocr_line' id='line_1_9' title="bbox 210 1077 1015 1158; baseline 0.001 -19"><span class='ocrx_word' id='word_1_55' title='bbox 210 1078 312 1139; x_wconf 89' lang='lat' dir='ltr'>Anna</span> <span class='ocrx_word' id='word_1_56' title='bbox 328 1078 448 1140; x_wconf 80' lang='lat' dir='ltr'>refert:</span> <span class='ocrx_word' id='word_1_57' title='bbox 475 1077 535 1141; x_wconf 90' lang='lat' dir='ltr'>“O</span> <span class='ocrx_word' id='word_1_58' title='bbox 553 1078 625 1140; x_wconf 88' lang='lat' dir='ltr'>luce</span> <span class='ocrx_word' id='word_1_59' title='bbox 642 1080 749 1158; x_wconf 88' lang='lat' dir='ltr'>magis</span> <span class='ocrx_word' id='word_1_60' title='bbox 766 1078 886 1141; x_wconf 87' lang='lat' dir='ltr'>dilecta</span> <span class='ocrx_word' id='word_1_61' title='bbox 901 1081 1015 1155; x_wconf 86' lang='lat' dir='ltr'>sorori,</span> 
     </span>
     <span class='ocr_line' id='line_1_10' title="bbox 168 1182 946 1265; baseline 0 -20"><span class='ocrx_word' id='word_1_62' title='bbox 168 1182 289 1246; x_wconf 89' lang='lat' dir='ltr'>Solane</span> <span class='ocrx_word' id='word_1_63' title='bbox 306 1191 467 1265; x_wconf 89' lang='lat' dir='ltr'>perpetua</span> <span class='ocrx_word' id='word_1_64' title='bbox 484 1202 635 1244; x_wconf 89' lang='lat' dir='ltr'>maerens</span> <span class='ocrx_word' id='word_1_65' title='bbox 651 1202 788 1265; x_wconf 89' lang='lat' dir='ltr'>carpere</span> <span class='ocrx_word' id='word_1_66' title='bbox 803 1184 946 1259; x_wconf 88' lang='lat' dir='ltr'>iuventa,</span> 
     </span>
     <span class='ocr_line' id='line_1_11' title="bbox 168 1287 1019 1368; baseline 0.002 -20"><span class='ocrx_word' id='word_1_67' title='bbox 168 1287 240 1350; x_wconf 92' lang='lat' dir='ltr'>Nec</span> <span class='ocrx_word' id='word_1_68' title='bbox 256 1287 370 1349; x_wconf 89' lang='lat' dir='ltr'>dulces</span> <span class='ocrx_word' id='word_1_69' title='bbox 386 1297 491 1361; x_wconf 68' lang='lat' dir='ltr'>natos</span> <span class='ocrx_word' id='word_1_70' title='bbox 509 1287 650 1350; x_wconf 90' lang='lat' dir='ltr'>Veneris</span> <span class='ocrx_word' id='word_1_71' title='bbox 666 1307 727 1349; x_wconf 94' lang='lat' dir='ltr'>nec</span> <span class='ocrx_word' id='word_1_72' title='bbox 745 1289 891 1368; x_wconf 89' lang='lat' dir='ltr'>praemia</span> <span class='ocrx_word' id='word_1_73' title='bbox 907 1288 1019 1350; x_wconf 87' lang='lat' dir='ltr'>noris?</span> 
     </span>
    </p>

    <p class='ocr_par' dir='ltr' id='par_1_5' title="bbox 78 1390 1020 1576">
     <span class='ocr_line' id='line_1_12' title="bbox 78 1390 1020 1472; baseline 0 -18"><span class='ocrx_word' id='word_1_74' title='bbox 78 1448 81 1454; x_wconf 89' lang='lat'><em>.</em></span> <span class='ocrx_word' id='word_1_75' title='bbox 168 1391 208 1452; x_wconf 92' lang='lat' dir='ltr'>Id</span> <span class='ocrx_word' id='word_1_76' title='bbox 225 1392 367 1453; x_wconf 90' lang='lat' dir='ltr'>cinerem</span> <span class='ocrx_word' id='word_1_77' title='bbox 385 1401 442 1453; x_wconf 89' lang='lat' dir='ltr'>aut</span> <span class='ocrx_word' id='word_1_78' title='bbox 460 1392 580 1452; x_wconf 88' lang='lat' dir='ltr'>Manes</span> <span class='ocrx_word' id='word_1_79' title='bbox 596 1390 703 1453; x_wconf 91' lang='lat' dir='ltr'>credis</span> <span class='ocrx_word' id='word_1_80' title='bbox 720 1411 834 1453; x_wconf 90' lang='lat' dir='ltr'>curare</span> <span class='ocrx_word' id='word_1_81' title='bbox 851 1392 1020 1472; x_wconf 88' lang='lat' dir='ltr'>sepultos?</span> 
     </span>
     <span class='ocr_line' id='line_1_13' title="bbox 173 1493 971 1576; baseline -0.001 -19"><span class='ocrx_word' id='word_1_82' title='bbox 173 1495 263 1569; x_wconf 91' lang='lat' dir='ltr'>Esto,</span> <span class='ocrx_word' id='word_1_83' title='bbox 282 1515 416 1576; x_wconf 85' lang='lat' dir='ltr'>aegram</span> <span class='ocrx_word' id='word_1_84' title='bbox 433 1494 514 1555; x_wconf 93' lang='lat' dir='ltr'>nulli</span> <span class='ocrx_word' id='word_1_85' title='bbox 531 1495 698 1576; x_wconf 91' lang='lat' dir='ltr'>quondam</span> <span class='ocrx_word' id='word_1_86' title='bbox 716 1493 836 1557; x_wconf 88' lang='lat' dir='ltr'>flexere</span> <span class='ocrx_word' id='word_1_87' title='bbox 854 1495 971 1571; x_wconf 90' lang='lat' dir='ltr'>mariti,</span> 
     </span>
    </p>

    <p class='ocr_par' dir='ltr' id='par_1_6' title="bbox 168 1598 1071 2512">
     <span class='ocr_line' id='line_1_14' title="bbox 169 1598 1042 1682; baseline 0.002 -22"><span class='ocrx_word' id='word_1_88' title='bbox 169 1599 246 1660; x_wconf 93' lang='lat' dir='ltr'>Non</span> <span class='ocrx_word' id='word_1_89' title='bbox 264 1598 400 1682; x_wconf 89' lang='lat' dir='ltr'>Libyae,</span> <span class='ocrx_word' id='word_1_90' title='bbox 418 1619 485 1661; x_wconf 92' lang='lat' dir='ltr'>non</span> <span class='ocrx_word' id='word_1_91' title='bbox 503 1608 580 1661; x_wconf 88' lang='lat' dir='ltr'>ante</span> <span class='ocrx_word' id='word_1_92' title='bbox 596 1598 705 1682; x_wconf 90' lang='lat' dir='ltr'>Tyr0;</span> <span class='ocrx_word' id='word_1_93' title='bbox 731 1599 908 1679; x_wconf 88' lang='lat' dir='ltr'>despectus</span> <span class='ocrx_word' id='word_1_94' title='bbox 927 1600 1042 1662; x_wconf 90' lang='lat' dir='ltr'>Iarbas</span> 
     </span>
     <span class='ocr_line' id='line_1_15' title="bbox 170 1702 1013 1785; baseline 0.002 -21"><span class='ocrx_word' id='word_1_95' title='bbox 170 1704 400 1783; x_wconf 91' lang='lat' dir='ltr'>Ductoresque</span> <span class='ocrx_word' id='word_1_96' title='bbox 416 1702 480 1776; x_wconf 88' lang='lat' dir='ltr'>alii,</span> <span class='ocrx_word' id='word_1_97' title='bbox 498 1723 582 1783; x_wconf 90' lang='lat' dir='ltr'>quos</span> <span class='ocrx_word' id='word_1_98' title='bbox 598 1702 717 1764; x_wconf 83' lang='lat' dir='ltr'>Africa</span> <span class='ocrx_word' id='word_1_99' title='bbox 733 1712 821 1764; x_wconf 88' lang='lat' dir='ltr'>terra</span> <span class='ocrx_word' id='word_1_100' title='bbox 837 1702 1013 1785; x_wconf 84' lang='lat' dir='ltr'>triumphis</span> 
     </span>
     <span class='ocr_line' id='line_1_16' title="bbox 169 1806 999 1888; baseline 0.004 -21"><span class='ocrx_word' id='word_1_101' title='bbox 169 1807 272 1868; x_wconf 89' lang='lat' dir='ltr'>Dives</span> <span class='ocrx_word' id='word_1_102' title='bbox 288 1807 366 1869; x_wconf 87' lang='lat' dir='ltr'>alit:</span> <span class='ocrx_word' id='word_1_103' title='bbox 390 1807 556 1888; x_wconf 86' lang='lat' dir='ltr'>placitone</span> <span class='ocrx_word' id='word_1_104' title='bbox 572 1808 672 1868; x_wconf 90' lang='lat' dir='ltr'>etiam</span> <span class='ocrx_word' id='word_1_105' title='bbox 689 1806 854 1887; x_wconf 85' lang='lat' dir='ltr'>pugnabis</span> <span class='ocrx_word' id='word_1_106' title='bbox 871 1808 999 1870; x_wconf 88' lang='lat' dir='ltr'>amori?</span> 
     </span>
     <span class='ocr_line' id='line_1_17' title="bbox 169 1910 1056 1992; baseline 0.003 -20"><span class='ocrx_word' id='word_1_107' title='bbox 169 1911 241 1973; x_wconf 91' lang='lat' dir='ltr'>Nec</span> <span class='ocrx_word' id='word_1_108' title='bbox 258 1910 347 1974; x_wconf 90' lang='lat' dir='ltr'>venit</span> <span class='ocrx_word' id='word_1_109' title='bbox 363 1911 395 1973; x_wconf 93' lang='lat' dir='ltr'>in</span> <span class='ocrx_word' id='word_1_110' title='bbox 414 1920 567 1986; x_wconf 85' lang='lat' dir='ltr'>mentem,</span> <span class='ocrx_word' id='word_1_111' title='bbox 586 1931 724 1992; x_wconf 91' lang='lat' dir='ltr'>quorum</span> <span class='ocrx_word' id='word_1_112' title='bbox 742 1912 931 1974; x_wconf 92' lang='lat' dir='ltr'>consederis</span> <span class='ocrx_word' id='word_1_113' title='bbox 947 1913 1056 1975; x_wconf 88' lang='lat' dir='ltr'>arvis?</span> 
     </span>
     <span class='ocr_line' id='line_1_18' title="bbox 174 2014 1032 2096; baseline 0.003 -20"><span class='ocrx_word' id='word_1_114' title='bbox 174 2015 263 2078; x_wconf 91' lang='lat' dir='ltr'>Hinc</span> <span class='ocrx_word' id='word_1_115' title='bbox 281 2016 441 2078; x_wconf 85' lang='lat' dir='ltr'>Gaetulae</span> <span class='ocrx_word' id='word_1_116' title='bbox 459 2014 566 2089; x_wconf 73' lang='lat' dir='ltr'>urbes</span> <span class='ocrx_word' id='word_1_117' title='bbox 584 2035 690 2095; x_wconf 88' lang='lat' dir='ltr'>genus</span> <span class='ocrx_word' id='word_1_118' title='bbox 707 2015 929 2096; x_wconf 86' lang='lat' dir='ltr'>insuperabile</span> <span class='ocrx_word' id='word_1_119' title='bbox 945 2015 1032 2079; x_wconf 96' lang='lat' dir='ltr'>bello</span> 
     </span>
     <span class='ocr_line' id='line_1_19' title="bbox 169 2119 1071 2204; baseline 0.001 -24"><span class='ocrx_word' id='word_1_120' title='bbox 169 2120 212 2181; x_wconf 90' lang='lat' dir='ltr'>Et</span> <span class='ocrx_word' id='word_1_121' title='bbox 237 2119 403 2180; x_wconf 89' lang='lat' dir='ltr'>Numidae</span> <span class='ocrx_word' id='word_1_122' title='bbox 420 2119 542 2181; x_wconf 82' lang='lat' dir='ltr'>infreni</span> <span class='ocrx_word' id='word_1_123' title='bbox 558 2119 697 2199; x_wconf 87' lang='lat' dir='ltr'>cingunt</span> <span class='ocrx_word' id='word_1_124' title='bbox 714 2128 747 2180; x_wconf 92' lang='lat' dir='ltr'>et</span> <span class='ocrx_word' id='word_1_125' title='bbox 763 2119 930 2200; x_wconf 89' lang='lat' dir='ltr'>inhospita</span> <span class='ocrx_word' id='word_1_126' title='bbox 947 2121 1054 2204; x_wconf 90' lang='lat' dir='ltr'>Syrtis</span> <span class='ocrx_word' id='word_1_127' title='bbox 1064 2141 1071 2196; x_wconf 91' lang='lat'>;</span> 
     </span>
     <span class='ocr_line' id='line_1_20' title="bbox 169 2222 910 2304; baseline 0.001 -20"><span class='ocrx_word' id='word_1_128' title='bbox 169 2224 258 2285; x_wconf 90' lang='lat' dir='ltr'>Hinc</span> <span class='ocrx_word' id='word_1_129' title='bbox 275 2222 406 2285; x_wconf 90' lang='lat' dir='ltr'>deserta</span> <span class='ocrx_word' id='word_1_130' title='bbox 423 2224 476 2285; x_wconf 88' lang='lat' dir='ltr'>siti</span> <span class='ocrx_word' id='word_1_131' title='bbox 492 2223 592 2304; x_wconf 88' lang='lat' dir='ltr'>regio,</span> <span class='ocrx_word' id='word_1_132' title='bbox 611 2224 743 2304; x_wconf 88' lang='lat' dir='ltr'>lateque</span> <span class='ocrx_word' id='word_1_133' title='bbox 761 2223 910 2286; x_wconf 81' lang='lat' dir='ltr'>furentes</span> 
     </span>
     <span class='ocr_line' id='line_1_21' title="bbox 170 2326 981 2411; baseline 0.002 -23"><span class='ocrx_word' id='word_1_134' title='bbox 170 2326 313 2389; x_wconf 88' lang='lat' dir='ltr'>Barcaei.</span> <span class='ocrx_word' id='word_1_135' title='bbox 362 2327 451 2408; x_wconf 80' lang='lat' dir='ltr'>Quid</span> <span class='ocrx_word' id='word_1_136' title='bbox 468 2326 555 2388; x_wconf 91' lang='lat' dir='ltr'>bella</span> <span class='ocrx_word' id='word_1_137' title='bbox 571 2326 661 2411; x_wconf 92' lang='lat' dir='ltr'>Tyro</span> <span class='ocrx_word' id='word_1_138' title='bbox 679 2326 847 2406; x_wconf 83' lang='lat' dir='ltr'>surgentia</span> <span class='ocrx_word' id='word_1_139' title='bbox 864 2327 981 2402; x_wconf 89' lang='lat' dir='ltr'>dicam,</span> 
     </span>
     <span class='ocr_line' id='line_1_22' title="bbox 168 2431 536 2512; baseline -0.008 -17"><span class='ocrx_word' id='word_1_140' title='bbox 168 2432 390 2512; x_wconf 89' lang='lat' dir='ltr'>Germanique</span> <span class='ocrx_word' id='word_1_141' title='bbox 406 2431 536 2492; x_wconf 91' lang='lat' dir='ltr'>minas?</span> 
     </span>
    </p>

    <p class='ocr_par' dir='ltr' id='par_1_7' title="bbox 79 2517 1165 3034">
     <span class='ocr_line' id='line_1_23' title="bbox 79 2517 1051 2616; baseline 0.002 -19"><span class='ocrx_word' id='word_1_142' title='bbox 79 2517 129 2613; x_wconf 68' lang='lat' dir='ltr'>45l</span> <span class='ocrx_word' id='word_1_143' title='bbox 165 2536 226 2597; x_wconf 92' lang='lat' dir='ltr'>Dis</span> <span class='ocrx_word' id='word_1_144' title='bbox 243 2535 396 2616; x_wconf 90' lang='lat' dir='ltr'>equidem</span> <span class='ocrx_word' id='word_1_145' title='bbox 413 2535 603 2614; x_wconf 88' lang='lat' dir='ltr'>auspicibus</span> <span class='ocrx_word' id='word_1_146' title='bbox 619 2555 692 2597; x_wconf 88' lang='lat' dir='ltr'>reor</span> <span class='ocrx_word' id='word_1_147' title='bbox 708 2546 741 2598; x_wconf 88' lang='lat' dir='ltr'>et</span> <span class='ocrx_word' id='word_1_148' title='bbox 759 2536 887 2598; x_wconf 89' lang='lat' dir='ltr'>Iunone</span> <span class='ocrx_word' id='word_1_149' title='bbox 904 2538 1051 2599; x_wconf 88' lang='lat' dir='ltr'>secunda</span> 
     </span>
     <span class='ocr_line' id='line_1_24' title="bbox 169 2639 990 2703; baseline 0.004 -3"><span class='ocrx_word' id='word_1_150' title='bbox 169 2640 270 2702; x_wconf 93' lang='lat' dir='ltr'>Hunc</span> <span class='ocrx_word' id='word_1_151' title='bbox 285 2659 418 2701; x_wconf 91' lang='lat' dir='ltr'>cursum</span> <span class='ocrx_word' id='word_1_152' title='bbox 436 2639 556 2702; x_wconf 88' lang='lat' dir='ltr'>Iliacas</span> <span class='ocrx_word' id='word_1_153' title='bbox 571 2649 671 2702; x_wconf 89' lang='lat' dir='ltr'>vento</span> <span class='ocrx_word' id='word_1_154' title='bbox 688 2639 835 2702; x_wconf 90' lang='lat' dir='ltr'>tenuisse</span> <span class='ocrx_word' id='word_1_155' title='bbox 852 2640 990 2703; x_wconf 90' lang='lat' dir='ltr'>carinas.</span> 
     </span>
     <span class='ocr_line' id='line_1_25' title="bbox 168 2743 1165 2826; baseline 0 -21"><span class='ocrx_word' id='word_1_156' title='bbox 168 2744 277 2825; x_wconf 83' lang='lat' dir='ltr'>Quam</span> <span class='ocrx_word' id='word_1_157' title='bbox 294 2754 330 2806; x_wconf 90' lang='lat' dir='ltr'>tu</span> <span class='ocrx_word' id='word_1_158' title='bbox 341 2743 467 2817; x_wconf 85' lang='lat' dir='ltr'>urbem,</span> <span class='ocrx_word' id='word_1_159' title='bbox 478 2764 578 2819; x_wconf 91' lang='lat' dir='ltr'>soror,</span> <span class='ocrx_word' id='word_1_160' title='bbox 591 2744 677 2805; x_wconf 90' lang='lat' dir='ltr'>hanc</span> <span class='ocrx_word' id='word_1_161' title='bbox 689 2764 814 2818; x_wconf 89' lang='lat' dir='ltr'>cernes,</span> <span class='ocrx_word' id='word_1_162' title='bbox 829 2765 915 2825; x_wconf 92' lang='lat' dir='ltr'>quae</span> <span class='ocrx_word' id='word_1_163' title='bbox 931 2765 1067 2826; x_wconf 90' lang='lat' dir='ltr'>surgere</span> <span class='ocrx_word' id='word_1_164' title='bbox 1076 2755 1165 2823; x_wconf 76' lang='lat' dir='ltr'>regna</span> 
     </span>
     <span class='ocr_line' id='line_1_26' title="bbox 169 2847 1003 2928; baseline -0.001 -16"><span class='ocrx_word' id='word_1_165' title='bbox 169 2848 330 2928; x_wconf 88' lang='lat' dir='ltr'>Coniugio</span> <span class='ocrx_word' id='word_1_166' title='bbox 347 2847 422 2910; x_wconf 88' lang='lat' dir='ltr'>tali!</span> <span class='ocrx_word' id='word_1_167' title='bbox 470 2848 636 2910; x_wconf 92' lang='lat' dir='ltr'>Teucrum</span> <span class='ocrx_word' id='word_1_168' title='bbox 653 2847 887 2910; x_wconf 89' lang='lat' dir='ltr'>comitantibus</span> <span class='ocrx_word' id='word_1_169' title='bbox 903 2849 1003 2911; x_wconf 89' lang='lat' dir='ltr'>armis</span> 
     </span>
     <span class='ocr_line' id='line_1_27' title="bbox 169 2951 889 3034; baseline 0.003 -21"><span class='ocrx_word' id='word_1_170' title='bbox 169 2951 291 3014; x_wconf 91' lang='lat' dir='ltr'>Punica</span> <span class='ocrx_word' id='word_1_171' title='bbox 308 2972 343 3014; x_wconf 89' lang='lat' dir='ltr'>se</span> <span class='ocrx_word' id='word_1_172' title='bbox 360 2951 492 3034; x_wconf 88' lang='lat' dir='ltr'>quantis</span> <span class='ocrx_word' id='word_1_173' title='bbox 509 2952 637 3014; x_wconf 89' lang='lat' dir='ltr'>attollet</span> <span class='ocrx_word' id='word_1_174' title='bbox 653 2951 757 3032; x_wconf 85' lang='lat' dir='ltr'>gloria</span> <span class='ocrx_word' id='word_1_175' title='bbox 772 2952 889 3015; x_wconf 89' lang='lat' dir='ltr'>rebus!</span> 
     </span>
    </p>

    <p class='ocr_par' dir='ltr' id='par_1_8' title="bbox 81 3055 1081 3452">
     <span class='ocr_line' id='line_1_28' title="bbox 81 3055 1008 3138; baseline 0.004 -21"><span class='ocrx_word' id='word_1_176' title='bbox 81 3081 111 3132; x_wconf 83' lang='lat'>50</span> <span class='ocrx_word' id='word_1_177' title='bbox 165 3055 217 3118; x_wconf 94' lang='lat' dir='ltr'>Tu</span> <span class='ocrx_word' id='word_1_178' title='bbox 234 3057 332 3118; x_wconf 95' lang='lat' dir='ltr'>modo</span> <span class='ocrx_word' id='word_1_179' title='bbox 349 3076 450 3137; x_wconf 92' lang='lat' dir='ltr'>posce</span> <span class='ocrx_word' id='word_1_180' title='bbox 467 3057 547 3118; x_wconf 92' lang='lat' dir='ltr'>deos</span> <span class='ocrx_word' id='word_1_181' title='bbox 563 3056 702 3130; x_wconf 85' lang='lat' dir='ltr'>veniam,</span> <span class='ocrx_word' id='word_1_182' title='bbox 721 3057 889 3138; x_wconf 89' lang='lat' dir='ltr'>sacrisque</span> <span class='ocrx_word' id='word_1_183' title='bbox 906 3057 1008 3121; x_wconf 88' lang='lat' dir='ltr'>litatis</span> 
     </span>
     <span class='ocr_line' id='line_1_29' title="bbox 169 3160 1005 3243; baseline 0.004 -22"><span class='ocrx_word' id='word_1_184' title='bbox 169 3161 311 3241; x_wconf 90' lang='lat' dir='ltr'>Indulge</span> <span class='ocrx_word' id='word_1_185' title='bbox 327 3160 480 3243; x_wconf 89' lang='lat' dir='ltr'>hospitio,</span> <span class='ocrx_word' id='word_1_186' title='bbox 498 3181 682 3242; x_wconf 89' lang='lat' dir='ltr'>causasque</span> <span class='ocrx_word' id='word_1_187' title='bbox 697 3161 829 3223; x_wconf 89' lang='lat' dir='ltr'>innecte</span> <span class='ocrx_word' id='word_1_188' title='bbox 846 3162 1005 3237; x_wconf 88' lang='lat' dir='ltr'>morandi,</span> 
     </span>
     <span class='ocr_line' id='line_1_30' title="bbox 169 3264 1023 3348; baseline 0.005 -23"><span class='ocrx_word' id='word_1_189' title='bbox 169 3264 258 3326; x_wconf 94' lang='lat' dir='ltr'>Dum</span> <span class='ocrx_word' id='word_1_190' title='bbox 276 3266 395 3347; x_wconf 85' lang='lat' dir='ltr'>pelago</span> <span class='ocrx_word' id='word_1_191' title='bbox 412 3265 560 3329; x_wconf 88' lang='lat' dir='ltr'>desaevit</span> <span class='ocrx_word' id='word_1_192' title='bbox 577 3267 681 3328; x_wconf 92' lang='lat' dir='ltr'>hiems</span> <span class='ocrx_word' id='word_1_193' title='bbox 698 3275 731 3328; x_wconf 92' lang='lat' dir='ltr'>et</span> <span class='ocrx_word' id='word_1_194' title='bbox 747 3287 892 3348; x_wconf 88' lang='lat' dir='ltr'>aquosus</span> <span class='ocrx_word' id='word_1_195' title='bbox 910 3266 1023 3341; x_wconf 90' lang='lat' dir='ltr'>Orion,</span> 
     </span>
     <span class='ocr_line' id='line_1_31' title="bbox 168 3368 1081 3452; baseline 0.003 -23"><span class='ocrx_word' id='word_1_196' title='bbox 168 3368 420 3452; x_wconf 87' lang='lat' dir='ltr'>Quassataeque</span> <span class='ocrx_word' id='word_1_197' title='bbox 437 3379 535 3445; x_wconf 80' lang='lat' dir='ltr'>rateS,</span> <span class='ocrx_word' id='word_1_198' title='bbox 553 3371 632 3432; x_wconf 94' lang='lat' dir='ltr'>dum</span> <span class='ocrx_word' id='word_1_199' title='bbox 649 3391 714 3432; x_wconf 94' lang='lat' dir='ltr'>non</span> <span class='ocrx_word' id='word_1_200' title='bbox 733 3371 903 3433; x_wconf 86' lang='lat' dir='ltr'>tractabile</span> <span class='ocrx_word' id='word_1_201' title='bbox 921 3371 1081 3433; x_wconf 88' lang='lat' dir='ltr'>caelum.”</span> 
     </span>
    </p>

    <p class='ocr_par' dir='ltr' id='par_1_9' title="bbox 213 3473 1109 3548">
     <span class='ocr_line' id='line_1_32' title="bbox 213 3473 1109 3548; baseline 0.002 -14"><span class='ocrx_word' id='word_1_202' title='bbox 213 3473 276 3535; x_wconf 91' lang='lat' dir='ltr'>His</span> <span class='ocrx_word' id='word_1_203' title='bbox 293 3474 389 3537; x_wconf 91' lang='lat' dir='ltr'>dictis</span> <span class='ocrx_word' id='word_1_204' title='bbox 406 3474 577 3536; x_wconf 91' lang='lat' dir='ltr'>incensum</span> <span class='ocrx_word' id='word_1_205' title='bbox 594 3475 739 3536; x_wconf 89' lang='lat' dir='ltr'>animum</span> <span class='ocrx_word' id='word_1_206' title='bbox 757 3475 974 3538; x_wconf 88' lang='lat' dir='ltr'>inflammavit</span> <span class='ocrx_word' id='word_1_207' title='bbox 990 3494 1109 3548; x_wconf 85' lang='lat' dir='ltr'>amore,</span> 
     </span>
    </p>

    <p class='ocr_par' dir='ltr' id='par_1_10' title="bbox 82 3578 1072 3661">
     <span class='ocr_line' id='line_1_33' title="bbox 82 3578 1072 3661; baseline -0.001 -20"><span class='ocrx_word' id='word_1_208' title='bbox 82 3601 110 3654; x_wconf 84' lang='lat'>55</span> <span class='ocrx_word' id='word_1_209' title='bbox 166 3578 334 3659; x_wconf 92' lang='lat' dir='ltr'>Spemque</span> <span class='ocrx_word' id='word_1_210' title='bbox 351 3579 441 3641; x_wconf 90' lang='lat' dir='ltr'>dedit</span> <span class='ocrx_word' id='word_1_211' title='bbox 458 3579 577 3640; x_wconf 89' lang='lat' dir='ltr'>dubiae</span> <span class='ocrx_word' id='word_1_212' title='bbox 594 3580 705 3652; x_wconf 89' lang='lat' dir='ltr'>menti,</span> <span class='ocrx_word' id='word_1_213' title='bbox 724 3578 885 3659; x_wconf 88' lang='lat' dir='ltr'>solvitque</span> <span class='ocrx_word' id='word_1_214' title='bbox 903 3580 1072 3661; x_wconf 90' lang='lat' dir='ltr'>pudorem.</span> 
     </span>
    </p>

    <p class='ocr_par' dir='ltr' id='par_1_11' title="bbox 169 3680 1004 3764">
     <span class='ocr_line' id='line_1_34' title="bbox 169 3680 1004 3764; baseline 0.005 -22"><span class='ocrx_word' id='word_1_215' title='bbox 169 3680 333 3764; x_wconf 91' lang='lat' dir='ltr'>Principio</span> <span class='ocrx_word' id='word_1_216' title='bbox 349 3682 487 3744; x_wconf 89' lang='lat' dir='ltr'>delubra</span> <span class='ocrx_word' id='word_1_217' title='bbox 503 3683 635 3758; x_wconf 89' lang='lat' dir='ltr'>adeunt,</span> <span class='ocrx_word' id='word_1_218' title='bbox 653 3701 836 3764; x_wconf 88' lang='lat' dir='ltr'>pacemque</span> <span class='ocrx_word' id='word_1_219' title='bbox 853 3702 913 3762; x_wconf 92' lang='lat' dir='ltr'>per</span> <span class='ocrx_word' id='word_1_220' title='bbox 929 3703 1004 3746; x_wconf 89' lang='lat' dir='ltr'>aras</span> 
     </span>
    </p>
   </div>
   <div class='ocr_carea' id='block_1_3' title="bbox 0 0 1276 4080">
    <p class='ocr_par' dir='ltr' id='par_1_12' title="bbox 0 0 1276 4080">
     <span class='ocr_line' id='line_1_35' title="bbox 0 0 1276 4080; baseline 0 0"><span class='ocrx_word' id='word_1_221' title='bbox 0 0 1276 4080; x_wconf 95' lang='lat' dir='ltr'> </span> 
     </span>
    </p>
   </div>
  </div>
 </body>
</html>
