2534 4080
77 234 119 302 70
303 290 305 296 ¹
436 228 594 280 vsncim
622 223 818 280 nsumoos

11 442 16 452 ·
76 418 123 479 480
167 407 297 468 Limina
315 407 507 488 perrumpit,
526 413 704 487 postesque
721 411 740 466 a
757 403 890 467 cardine
906 403 997 466 vellit

165 511 327 585 Aeratos;
352 510 483 591 iamque
500 516 608 572 excisa
624 509 717 571 trabe
735 510 831 570 firma
847 508 991 570 cavavit.

167 614 309 690 Robora,
329 623 361 677 et
377 614 546 694 ingentem
565 614 631 676 lato
648 613 737 674 dedit
753 620 809 675 ore
828 613 1018 674 fenestram.

166 719 319 800 Apparet
336 719 453 780 domus
469 718 568 791 intus,
587 727 619 779 et
635 716 718 778 atria
735 717 835 797 longa
852 723 1044 797 patescunt3

165 823 344 903 Apparent
362 820 481 883 Priami
498 831 530 882 et
548 830 695 883 veterum
714 820 896 901 penetralia
912 827 1036 901 regum,

78 939 124 1004 485
167 927 390 1008 Armatasque
407 926 520 987 vident
537 931 662 986 stantes
679 925 711 985 in
730 924 841 986 limine
858 933 973 1005 primo.

210 1031 257 1092 At
273 1032 391 1093 domus
407 1028 540 1092 interior
559 1029 684 1109 gemitu
702 1029 887 1110 miseraque
908 1029 1047 1090 tumultu

168 1134 336 1211 Miscetur,
356 1134 554 1216 penitusque
572 1152 673 1194 cavae
692 1133 906 1213 plangoribus
922 1133 1022 1195 aedas

168 1239 332 1302 Femineis
350 1239 496 1314 ululant;
521 1237 598 1300 ferit
616 1257 715 1299 aurea
732 1237 840 1299 sidera
856 1238 989 1299 clamor.

155 1344 252 1426 ⁴Tum
271 1344 411 1425 pavidae
429 1351 523 1404 tectis
542 1349 663 1403 matres
680 1341 871 1422 ingentibus
887 1352 1007 1415 errant,

79 1474 125 1523 490
167 1442 418 1529 Amplexaeque
439 1456 553 1508 tenent
571 1453 684 1527 postes
701 1454 800 1527 atque
817 1445 930 1507 ascula
946 1446 1062 1526 figunt.

168 1537 275 1614 lnstat
293 1562 325 1612 vi
342 1551 447 1632 patria
467 1551 631 1632 Pyrrhus,
656 1570 719 1612 nec
736 1550 889 1623 claustra,
907 1569 1017 1631 neque
1033 1548 1091 1629 ipsi

168 1656 329 1718 Custades
347 1655 487 1716 sufferre
505 1655 635 1729 valent;
661 1654 750 1716 labat
766 1654 867 1715 ariete
884 1654 1000 1716 crebro

170 1761 284 1834 lanua,
302 1768 335 1821 et
353 1766 452 1821 emoti
470 1757 692 1840 pracumbunt
709 1757 843 1820 cardine
861 1764 983 1838 postes

169 1864 222 1925 Fit
237 1863 290 1925 via
306 1873 355 1925 vi:
381 1871 539 1943 rumpunt
557 1862 674 1936 editas,
694 1869 883 1942 primosque
901 1861 1065 1923 trucidant

79 1994 125 2045 495
170 1967 313 2038 Immissi
333 1968 451 2041 Danai,
470 1976 503 2028 et
520 1967 584 2027 late
602 1967 673 2028 loca
690 1965 792 2027 milite
809 1964 985 2045 complent.

170 2072 246 2134 Non
263 2081 318 2145 sic,
338 2070 517 2150 aggeribus
535 2079 641 2151 ruptis
658 2090 730 2131 cum
751 2076 908 2150 spumeus
926 2068 1048 2130 amnis¹

170 2175 257 2237 Exiit
274 2175 509 2256 oppositasque
527 2175 623 2236 evicit
641 2173 771 2253 gurgite
788 2173 901 2246 molas,

170 2281 287 2341 Fertur
303 2279 336 2339 in
354 2298 431 2340 arva
449 2277 564 2339 iurans
582 2278 723 2351 cumulo,
742 2284 944 2357 campusque
962 2296 1019 2357 per
1037 2275 1140 2338 omnes

169 2384 251 2447 Cum
270 2382 406 2445 stabulis
424 2391 574 2443 armenta
591 2381 700 2444 trahit.
748 2381 826 2443 Vidi
842 2381 913 2461 ipse
930 2381 1093 2442 furentem

83 2515 127 2565 500
169 2487 279 2550 Caede
299 2486 556 2567 Neoptolemum
575 2485 792 2566 geminosque
809 2486 843 2545 in
860 2484 971 2546 limine
990 2483 1118 2546 Atridas
1129 2494 1135 2548 ;

169 2591 245 2654 Vidi
261 2590 434 2652 Hecubam
453 2599 653 2671 centumque
667 2597 778 2662 nuras,
795 2589 1026 2669 Priamumque
1039 2606 1094 2668 per
1106 2580 1167 2643 aris

171 2695 339 2776 Sanguine
357 2695 559 2768 foedantem,
577 2701 660 2775 quos
676 2692 747 2774 ipse
765 2700 961 2767 sacraverat,
979 2698 1080 2772 ignes

170 2799 420 2880 Quinquaginta
437 2799 482 2859 illi
498 2799 646 2872 thalami,
664 2804 741 2878 spas
757 2807 851 2860 tanta
868 2805 1036 2877 nepatum,

172 2903 349 2965 Barbarico
366 2911 478 2984 postes
496 2912 576 2965 auro
593 2902 773 2984 spoliisque
792 2901 934 2981 superbi,

84 3033 127 3085 505
172 3007 395 3082 Procubuare;
422 3018 536 3070 tenent
556 3009 673 3082 Danai,
693 3014 756 3088 qua
774 3006 883 3068 deficit
899 3005 995 3086 ignis.

214 3110 368 3173 Forsitan
386 3120 427 3186 et,
448 3111 567 3173 Priami
584 3111 707 3174 fuerint
726 3130 810 3192 quae
828 3110 906 3183 lata,
925 3115 1080 3190 requiras,

171 3215 272 3279 Urbis
289 3225 337 3277 uti
354 3224 471 3296 captae
489 3222 601 3278 casum
620 3215 843 3295 convulsaque
861 3211 951 3274 vidit

172 3318 302 3380 Limina
319 3326 481 3382 tactorum
499 3329 530 3381 et
548 3318 691 3381 medium
709 3318 741 3379 in
760 3316 985 3398 penetralibus
1002 3317 1132 3381 hostem,

170 3423 276 3485 Arma
293 3424 347 3485 dio
367 3423 474 3485 senior
493 3422 629 3484 desueta
642 3421 859 3484 trementibus
877 3428 960 3482 aevo

83 3550 129 3602 510
172 3527 362 3589 Circumdat
380 3535 581 3607 nequiquam
599 3534 729 3599 umeris,
748 3535 779 3587 et
797 3523 911 3585 inutile
928 3524 1053 3585 ferrum

172 3629 332 3709 Cingitur,
351 3649 388 3692 ac
406 3630 526 3690 densos
542 3629 647 3690 fertur
665 3628 841 3689 moriturus
859 3627 891 3687 in
910 3628 1031 3689 hostes

173 3734 323 3797 Aedibus
340 3734 373 3795 in
391 3733 506 3793 mediis
523 3732 678 3812 nudoque
696 3730 757 3791 sub
774 3729 917 3791 aetheris
934 3750 994 3793 axe
