2580 4072
463 194 581 249 LIBER
606 192 790 264 QUARTUS
1117 203 1176 270 107

154 364 319 460 Desuper
335 375 523 451 infundam,
541 385 574 438 et
590 374 712 438 tonitru
730 373 858 437 caelum
875 394 973 438 omne
989 373 1091 438 ciebo.

157 469 355 563 Diffugient
371 479 511 543 comites
527 489 560 543 et
576 488 673 542 nocte
690 487 845 559 tegentur
861 498 964 560 opaca
978 498 984 553 ;

158 573 365 662 Speluncam
385 583 474 646 Dido
491 584 555 645 dux
568 592 601 646 et
617 582 781 645 Troianus
798 582 936 644 candem

75 689 118 742 ¹²⁵
162 679 361 753 Devenient.
410 687 526 751 Adero
542 697 584 761 et,
602 697 659 750 tua
676 686 703 748 si
721 686 801 748 mihi
818 696 908 749 certa
924 687 1086 762 voluntas,

166 786 313 856 Conubio
330 793 466 874 iungam
484 791 593 854 stabili
610 790 844 873 propriamque
861 790 986 853 dicabo.

171 890 228 962 Hic
244 899 451 982 hymenaeus
468 897 559 959 erit.''
584 932 586 934 -
608 896 686 958 Non
703 896 877 958 adversata
895 897 1020 976 petenti

174 997 299 1080 Adnuit
318 1011 421 1084 atque
436 1000 521 1064 dolis
536 1000 607 1063 risit
624 1000 791 1084 Cytherea
806 999 953 1081 repertis.

206 1211 380 1274 Oceanum
397 1207 523 1271 interea
540 1227 681 1289 surgens
698 1206 830 1269 Aurora
846 1206 985 1288 reliquit.

77 1309 122 1359 ¹30
176 1311 199 1374 lt
212 1315 316 1396 portis
332 1311 448 1375 iubare
464 1321 577 1374 exorto
594 1311 722 1383 delecta
739 1311 910 1385 iuventus;

173 1417 259 1480 Retia
274 1436 360 1491 rara,
379 1416 509 1497 plagae,
527 1415 593 1478 lato
610 1414 775 1478 venabula
792 1414 889 1487 ferro,

173 1521 370 1606 Massylique
387 1529 487 1582 ruunt
503 1519 631 1601 equites
648 1528 681 1581 et
697 1518 798 1581 odora
814 1538 933 1580 canum
950 1517 1008 1580 vis,

172 1625 327 1708 Reginam
345 1623 493 1686 thalamo
510 1632 722 1685 cunctantem
740 1622 781 1684 ad
799 1623 911 1683 limina
928 1622 1024 1702 primi

170 1729 348 1793 Poenorum
365 1737 570 1809 exspectant,
589 1737 744 1808 ostroque
762 1726 900 1807 insignis
917 1736 950 1788 et
966 1746 1046 1788 auro

75 1837 120 1895 Ι35
170 1833 235 1897 Stat
251 1832 388 1914 sonipes
405 1852 443 1895 ac
456 1833 552 1894 frena
568 1831 662 1894 ferox
678 1830 866 1911 spumantia
884 1830 1017 1891 mandit.

168 1937 312 2001 Tandem
330 1935 549 2018 progreditur,
567 1955 689 2017 magna
705 1935 850 2016 stipante
867 1943 1007 2008 caterva,

169 2039 332 2104 Sidoniam
350 2039 439 2122 picto
456 2039 666 2123 chlamydem
683 2038 885 2101 circumdata
899 2038 1010 2100 limbo.

169 2145 222 2208 Cui
238 2146 396 2227 pharetra
412 2165 451 2207 ex
468 2165 557 2219 auro,
575 2143 682 2206 crines
699 2143 865 2205 nodantur
881 2142 912 2204 in
931 2162 1056 2216 aurum,

169 2249 275 2313 Aurea
292 2268 494 2331 purpuream
512 2247 678 2311 subnectit
695 2247 794 2332 fibula
810 2256 947 2308 vestem.

87 2363 133 2410 ¹40
170 2352 233 2416 Nec
250 2374 317 2416 non
336 2362 370 2415 et
387 2351 521 2436 Phrygii
537 2351 675 2414 comites
693 2360 725 2413 et
742 2351 856 2413 laetus·
867 2350 958 2412 Iulus

170 2456 336 2521 Incedunt.
386 2457 463 2537 Ipse
480 2465 558 2518 ante
575 2455 656 2518 alios
672 2455 914 2536 pulcherrimus
930 2474 1045 2516 omnes

170 2559 267 2624 Infert
285 2580 321 2623 se
338 2559 461 2622 socium
480 2561 616 2622 Aeneas
633 2569 732 2641 atque
750 2557 883 2638 agmina
900 2557 1013 2638 iungit.

170 2664 277 2746 Qualis
294 2664 350 2727 ubi
367 2663 538 2726 hibernam
558 2663 695 2748 Lyciam
714 2660 905 2742 Xanthique
922 2661 1045 2723 fluenta

169 2765 293 2833 Deserit
310 2789 349 2831 ac
368 2768 489 2831 Delum
507 2778 689 2831 maternam
706 2766 817 2829 invisit
833 2765 956 2846 Apollo

105 2878 139 2936 ¹45
170 2870 397 2954 Instauratque
414 2873 542 2947 choroS,
561 2872 716 2953 mixtique
734 2871 847 2933 altaria
864 2872 985 2934 circum

170 2975 344 3059 Cretesque
363 2978 584 3060 Dryopesque
602 2977 747 3039 fremunt
766 2976 909 3058 pictique
927 2973 1112 3056 Agathyrsi
1123 2992 1131 3047 ;

171 3078 239 3160 lpse
255 3081 344 3163 iugis
361 3081 484 3164 Cynthi
502 3081 658 3161 graditur,
678 3082 833 3163 mollique
849 3080 1005 3142 fluentem

171 3181 294 3248 Fronde
312 3185 432 3266 premit
449 3186 571 3247 crinem
591 3186 720 3264 lingens
737 3195 835 3266 atque
852 3183 999 3263 implicat
1016 3200 1103 3254 aur0‚

170 3285 243 3351 Tela
261 3298 382 3352 sonant
399 3288 540 3350 umeris:
566 3288 653 3349 haud
671 3289 725 3350 illo
743 3288 875 3369 segnior
891 3286 957 3347 ibat

110 3395 141 3450 ¹50
171 3391 307 3467 Aeneas
325 3401 454 3454 tantum
472 3392 606 3472 egregio
624 3392 724 3454 decus
742 3393 845 3454 enitet
861 3410 925 3452 ore.
960 3426 979 3464 μ

208 3497 386 3579 Postquam
404 3496 487 3557 altos
500 3504 635 3558 ventum
653 3495 686 3555 in
703 3506 832 3557 montes
850 3504 948 3574 atque
961 3489 1049 3553 invia
1062 3490 1173 3565 lustra,

172 3596 249 3664 Ecce
266 3603 370 3674 ferae,
390 3599 458 3660 saxi
475 3599 621 3662 deiectae
638 3601 769 3672 vertice,
788 3618 907 3677 caprae

171 3699 347 3768 Decurrere
364 3701 451 3783 iugis
461 3723 469 3779 ;
494 3701 558 3765 alia
574 3701 616 3765 de
633 3710 727 3783 parte
744 3711 896 3782 patentes
