2534 4080
240 736 278 810 P.
308 735 540 812 VERGILI
581 736 837 809 MARONIS

332 949 746 1075 Aruernos

340 1232 485 1294 LIBER
517 1232 736 1313 Qururus

122 1403 256 1465 Interea
272 1400 415 1463 medium
433 1401 568 1463 Aeneas
584 1402 648 1462 iam
666 1401 772 1463 classe
789 1399 924 1462 tenebat

76 1507 196 1570 Certus
213 1506 283 1581 iter,
302 1505 485 1587 fluctusque
503 1516 592 1567 atros
608 1504 761 1586 aquilone
778 1503 921 1578 secabat,

79 1610 213 1672 Moenia
231 1609 419 1691 respiciens,
437 1629 521 1690 quae
539 1608 602 1670 iam
620 1609 762 1671 infelicis
781 1608 908 1671 Elissae

78 1715 264 1778 Conlucent
281 1713 429 1775 flammis.
478 1713 573 1794 Quae
590 1722 719 1774 tantum
737 1694 925 1775 accenderit
943 1712 1051 1793 ignem

77 1819 196 1892 Causa,
215 1819 295 1879 latet
306 1837 313 1891 3
338 1817 411 1879 duri
428 1837 549 1898 magno
567 1817 625 1879 sed
643 1837 754 1879 amore
771 1817 901 1879 dolores

79 1923 216 1996 Polluto,
236 1932 425 2003 notumque,
444 1921 558 1983 furens
576 1921 654 2003 quid
673 1920 798 1983 femina
816 1922 929 2002 possit,

77 2027 187 2088 Triste
204 2045 263 2106 per
279 2025 453 2105 augurium
470 2026 673 2087 Teucrorum
693 2035 826 2106 pectora
843 2025 977 2087 ducunt.

122 2132 169 2194 Ut
187 2130 324 2211 pelagus
342 2140 477 2192 tenuere
495 2139 591 2204 rates,
609 2149 671 2192 nec
688 2131 752 2191 iam
770 2129 911 2210 amplius
929 2129 995 2191 ulla

78 2235 231 2299 Occurrit
247 2235 353 2309 telius,
372 2234 475 2295 maria
492 2234 637 2316 undique
653 2245 686 2297 et
703 2235 847 2316 undique
864 2233 1001 2307 caelum,

77 2339 144 2403 Olli
161 2339 331 2401 caeruleus
348 2359 449 2420 supra
465 2348 564 2419 eaput
581 2338 706 2401 adstitit
723 2339 836 2412 imber,

80 2445 220 2506 Noctem
239 2444 447 2525 hiememque
466 2443 586 2517 ferens,
601 2452 634 2503 et
652 2443 813 2504 inhorruit
830 2442 919 2504 unda
935 2440 1089 2503 tenebris.

80 2548 157 2629 ipse
174 2549 375 2629 gubernator
394 2549 497 2630 puppi
516 2548 688 2611 Palinurus
705 2546 746 2608 ab
763 2546 848 2607 alta:
997 2543 1003 2553 '

80 2658 97 2682 ‘⁴
110 2652 207 2714 Heu!
232 2653 387 2734 quianam
405 2653 489 2715 tanti
506 2653 679 2716 cinxerunt
696 2651 832 2713 aethera
849 2647 974 2710 nimbi?

80 2752 219 2834 Quidve,
239 2764 332 2834 pater
351 2754 517 2835 Neptune,
538 2752 685 2834 paras?’'
734 2749 787 2814 Sic
804 2748 924 2812 deinde
942 2750 1071 2810 locutus

79 2857 243 2937 Colligere
260 2878 350 2919 arma
368 2858 457 2920 iubet
474 2857 656 2939 validisque
673 2854 862 2918 incumbere
880 2853 987 2926 remiS,

80 2960 304 3043 Obliquatque
321 2964 412 3024 sinus
429 2963 462 3024 in
479 2971 624 3036 ventum,
642 2981 680 3023 ac
697 2959 775 3022 talia
793 2959 900 3020 fatur:

81 3070 99 3095 “
112 3067 327 3148 Magnanime
345 3068 471 3143 Aenea,
492 3088 566 3142 non,
586 3066 613 3128 si
630 3065 710 3127 mihi
729 3063 880 3145 Iuppiter
896 3068 1011 3123 auctor

82 3169 262 3251 Spondeat,
280 3173 342 3234 hoc
360 3192 490 3253 sperem
509 3172 639 3234 Italiam
656 3168 850 3249 contingere
867 3163 967 3228 caelo.

84 3274 204 3337 Mutati
220 3285 408 3338 transversa
426 3276 573 3338 fremunt
590 3285 622 3338 et
638 3292 777 3355 vespere
794 3271 835 3334 ab
852 3279 923 3331 atro

82 3377 293 3460 Consurgunt
310 3381 407 3455 venti,
427 3390 526 3462 atque
543 3379 575 3441 in
594 3377 714 3441 nubem
731 3377 860 3457 cogitur
876 3391 941 3434 aer.

85 3481 154 3545 Nec
170 3504 231 3546 nos
247 3483 351 3546 obniti
367 3493 491 3560 contra,
510 3504 572 3546 nec
588 3483 726 3546 tendere
739 3489 868 3544 tantum

83 3585 278 3650 Sufficimus.
327 3588 470 3670 Superat
487 3587 643 3671 quoniam
661 3588 820 3660 Fortuna,
839 3592 1026 3664 sequamur¹

83 3687 221 3774 Quoque
238 3701 343 3768 vocat,
362 3701 529 3756 vertamus
546 3693 616 3756 iter.
665 3693 738 3758 Nec
755 3689 853 3756 litora
866 3687 970 3776 ionga

523 3812 568 3870 1²5
