2580 4072
90 204 134 271 82
447 215 609 269 venum
633 216 835 268 uesanos

178 392 371 477 thotitur.
417 395 591 478 Quidnon
607 395 1034 479 mortaliapectoracogis,

178 497 266 563 Auri
281 519 377 562 sacra
392 499 523 563 tames?
568 500 748 582 Postquam
771 519 878 581 paror
890 521 970 563 ossa
983 502 1129 585 reliquit,

181 602 339 667 Deiectus
355 603 472 687 populi
486 603 530 665 ad
545 624 702 686 proceres
717 605 930 687 primumque
944 617 1123 686 parentem

181 706 335 771 Monstra
349 707 448 770 deum
465 707 586 783 refero,
602 719 646 782 et,
662 728 749 790 quae
764 707 808 770 sit
823 710 1001 785 sententia,
1018 732 1133 792 posco.

88 823 122 875 60
176 810 343 875 Omnibus
358 811 448 875 idem
463 811 603 887 animus,
621 813 784 875 scelerata
798 813 960 876 excedere
975 824 1077 890 terra,

180 914 302 999 Linqui
321 916 484 999 pollutum
503 916 694 998 hospitium,
713 928 748 979 et
767 917 849 980 dare
871 917 1038 981 classibus
1056 931 1178 982 austra

180 1019 272 1101 Ergo
287 1019 512 1083 instauramus
528 1021 692 1104 Polydoro
708 1020 820 1096 funus,
836 1030 872 1083 et
885 1021 1008 1102 ingens

177 1123 364 1204 Aggeritur
379 1124 508 1187 tumulo
523 1124 640 1201 tellus;
665 1134 755 1187 stant
772 1125 932 1187 Manibus
946 1145 1036 1202 arae,
1082 1173 1088 1182 .

177 1227 348 1293 Caeruleis
365 1239 513 1292 maestae
529 1228 620 1291 vittis
635 1239 774 1310 atraque
790 1249 960 1310 cupresso,

89 1344 121 1411 65
179 1332 221 1397 Et
236 1332 360 1397 circum
379 1332 501 1396 Iliades
516 1333 642 1396 crinem
658 1333 701 1395 de
717 1353 809 1395 more
825 1333 972 1410 solutae;

179 1436 359 1501 Interimus
374 1436 489 1519 tepido
504 1436 696 1519 spumantia
710 1437 843 1521 cymbia
858 1438 945 1500 lacte

178 1539 359 1621 Sanguinis
375 1550 409 1605 et
424 1540 511 1605 sacri
526 1551 669 1622 pateras,
683 1540 895 1622 animamque
911 1544 1067 1624 sepulcro

178 1643 370 1721 Condimus,
388 1654 422 1708 et
438 1665 562 1725 magna
577 1665 772 1727 supremum
787 1665 870 1707 voce
885 1645 1021 1709 ciemus.
1167 1727 1170 1733 .

225 1748 317 1825 Inde,
335 1748 390 1813 ubi
407 1749 514 1831 prima
531 1749 612 1811 fides
628 1749 758 1831 pelago,
773 1748 971 1830 placataque
986 1751 1080 1814 venti

91 1879 122 1929 70
179 1852 271 1917 Dant
287 1853 390 1915 maria
406 1862 439 1917 et
455 1853 538 1916 lenis
554 1853 722 1935 crepitans
738 1862 837 1915 vocat
851 1863 965 1916 auster
979 1854 1014 1916 in
1030 1854 1147 1931 altum,

182 1955 361 2021 lleducunt
377 1957 457 2020 socii
474 1977 576 2019 naves
592 1966 626 2020 et
642 1956 737 2019 litora
754 1956 930 2038 complent.

182 2059 395 2123 Provehimur
411 2071 517 2143 portu,
535 2071 709 2143 terraeque
726 2060 889 2142 urbesque
906 2062 1076 2126 recedunt.

181 2165 284 2229 Sacra
300 2163 382 2226 mari
398 2165 515 2227 colitur
532 2164 641 2228 'medio
657 2164 846 2245 gratissima
861 2164 958 2228 tellus

180 2267 361 2331 Nereidum
380 2268 475 2331 matri
491 2278 524 2332 et
543 2269 702 2350 Neptuno
719 2270 868 2350 Aegaeo,

93 2396 123 2453 73
152 2364 158 2375 ’
180 2370 290 2455 Quum
308 2370 382 2455 pius
400 2372 599 2435 Arcitenens
616 2393 690 2435 oras
707 2383 740 2435 et
756 2373 851 2435 litora
867 2373 990 2436 circum

176 2475 350 2541 Errantem
370 2476 515 2561 Mycono
532 2495 550 2538 e
567 2477 655 2538 celsa
672 2478 850 2561 Gyaroque
866 2477 1015 2554 revinxit,

182 2580 425 2663 Immotumque
442 2579 504 2643 coli
521 2580 612 2644 dedit
627 2590 661 2643 et
677 2591 891 2644 contemnere
906 2591 1033 2645 ventos.

183 2683 258 2748 Huc
276 2679 382 2760 ierom
408 2685 490 2748 haee
507 2685 615 2747 fessos
631 2693 702 2748 tuto
719 2684 943 2767 placidissima
959 2695 1057 2767 portu

182 2787 324 2873 Accipit.
374 2788 509 2869 Egressi
525 2808 722 2852 veneramur
738 2788 907 2870 Apollinis
923 2789 1048 2852 urbem.

92 2904 124 2953 uo
183 2892 253 2955 Rex
270 2892 387 2968 Anius,
406 2911 463 2957 rex
479 2891 566 2956 idem
584 2892 754 2955 hominum
774 2893 963 2975 Phoebique
980 2894 1144 2968 sacerdos,

181 2994 280 3060 Vittis
295 3005 329 3060 et
345 3016 438 3060 suem
455 2996 625 3060 redimitus
641 3006 791 3078 tempora
807 2997 908 3073 lauro,

181 3100 353 3171 (locurum
378 3109 523 3165 veterem
542 3101 714 3164 Anchisen
732 3101 906 3182 adgnoscit
922 3101 1074 3164 amicum.

185 3203 357 3285 Iungimus
375 3204 520 3287 hospitio
536 3205 677 3279 dextras
695 3214 728 3268 et
744 3213 832 3269 tecta
848 3204 1006 3268 subimus.

225 3309 366 3391 ‘l'emplu
384 3309 437 3373 <lei
455 3328 533 3372 saxo
549 3309 733 3372 venerabar
749 3318 874 3372 structa
889 3318 1042 3372 vetusto:

92 3426 123 3493 ⁸5
181 3418 198 3446 ‘¹
214 3412 265 3475 llu
308 3414 485 3495 passiam,
525 3412 745 3497 Thymbraee,
785 3413 920 3476 domum
931 3433 939 3489 ;
984 3413 1029 3476 da
1067 3414 1177 3477 moeni

270 3516 366 3579 fessis

184 3620 225 3685 lu
244 3639 350 3701 nouus
367 3631 400 3685 ct
416 3641 606 3685 mammam
625 3621 760 3691 urbem:
785 3641 881 3685 sena
896 3623 1001 3686 altera
1016 3623 1138 3686 Troiae

184 3724 355 3805 l‘erpuum.
373 3724 530 3807 reliquias
548 3726 704 3790 Danaum
721 3736 822 3808 atque
837 3725 972 3789 immitis
988 3726 1124 3790 Achilli.
