2534 4080
383 222 498 274 mnan
522 223 693 277 rsnrrus
1042 237 1085 301 97

68 400 327 484 Praeceptisque
345 401 476 478 Heleni,
495 402 632 467 dederat
648 424 733 486 quae
749 403 902 482 maxima,
918 404 980 469 rite

68 507 190 570 Iunoni
205 506 355 588 Argivae
372 507 479 570 iussos
495 509 666 571 adolemus
684 511 834 573 honores.

112 610 215 674 Haud
232 631 334 686 mora,
352 612 509 675 continuo
526 613 683 693 perfectis
700 613 814 677 ordine
829 614 924 691 votiS,

68 716 203 781 Cornua
218 715 402 778 velatarum
419 716 621 779 obvertimus
637 726 867 793 antennarum,

69 820 366 902 Graiugenumque
383 820 499 883 domos
517 831 739 903 suspectaque
755 822 934 904 linquimus
950 843 1038 887 arva.

68 925 158 987 Hinc
176 924 268 986 sinus
286 924 454 1000 Herculei,
473 925 500 987 si
515 945 594 988 vera
610 936 662 989 est
677 926 777 1003 fama,
795 927 933 990 Tarenti

67 1029 241 1104 Cernitur3
266 1029 385 1092 attollit
402 1049 437 1092 se
453 1030 529 1092 diva
547 1029 685 1093 Lacinia
700 1041 825 1107 contra,

69 1133 294 1215 Caulonisque
311 1153 405 1196 arces
421 1144 455 1198 et
470 1134 683 1216 navifragum
701 1135 907 1220 Scylaceum.

66 1240 153 1300 Tum
171 1239 286 1321 procul
303 1258 321 1301 e
338 1237 439 1302 fluctu
456 1239 628 1302 Trinacria
644 1241 790 1303 cernitur
805 1242 928 1317 Aetna,

70 1343 112 1405 Et
128 1342 289 1424 gemitum
306 1342 475 1424 ingentem
493 1344 604 1425 pelagi
621 1343 817 1427 pulsataque
833 1365 912 1408 saxa

68 1448 235 1509 Audimus
251 1447 356 1528 longe¹
367 1447 558 1530 fractasque
575 1449 617 1510 ad
635 1449 730 1511 litora
746 1469 854 1524 voceS,

70 1551 313 1634 Exsultantque
329 1551 422 1628 vada,
441 1561 541 1633 atque
558 1562 653 1615 aestu
668 1554 849 1616 miscentur
865 1554 1017 1618 harenae.

71 1656 112 1718 Et
129 1664 225 1736 pater
243 1654 430 1718 Anchises:
456 1655 652 1718 “Nimirum
669 1657 750 1720 haec
767 1657 822 1720 illa
839 1657 1044 1743 Charybdis;

70 1760 142 1822 Hos
162 1759 313 1821 Helenus
330 1760 493 1840 scopulos
512 1761 595 1823 haec
612 1781 690 1823 saxa
707 1761 873 1825 horrenda
889 1761 1037 1826 canebat.

70 1864 208 1945 Eripite,
226 1884 245 1926 0
262 1863 350 1938 socii,
369 1865 558 1947 pariterque
574 1864 735 1946 insurgite
752 1866 882 1929 remis.''

112 1968 215 2030 Haud
233 1967 340 2030 minus
357 1989 395 2031 ac
412 1970 491 2031 iussi
501 1969 645 2048 faciunt,
663 1969 855 2053 primusque
872 1972 1045 2034 rudentem

70 2072 238 2137 Contorsit
254 2072 365 2134 laevas
382 2092 514 2155 proram
533 2074 706 2138 Palinurus
723 2075 764 2138 ad
781 2075 906 2150 undas;

70 2178 215 2240 Laevam
234 2186 354 2238 cuncta
370 2177 489 2240 cohors
505 2178 604 2239 remis
621 2179 794 2262 ventisque
812 2179 935 2260 petivit.

68 2282 230 2343 Tollimur
245 2282 279 2342 in
296 2281 424 2343 caelum
441 2291 577 2345 curvato
594 2284 734 2364 gurgite,
752 2292 785 2346 et
801 2283 888 2346 idem

70 2384 241 2449 Subducta
258 2385 300 2446 ad
319 2385 438 2448 Manes
455 2385 538 2448 imos
555 2385 744 2450 desedimus
760 2388 858 2449 unda.

68 2490 135 2552 Ter
151 2487 280 2569 scopuli
296 2488 472 2552 clamorem
489 2489 575 2552 inter
590 2509 672 2552 cava
688 2510 767 2552 saxa
782 2490 922 2567 dedere;

69 2594 135 2655 Ter
151 2612 304 2674 spumam
321 2591 436 2655 elisam
454 2602 487 2656 et
503 2592 648 2655 rorantia
663 2592 805 2655 vidimus
822 2603 919 2656 astra.

71 2698 204 2760 Interea
219 2697 328 2759 fessos
344 2706 464 2759 ventus
482 2717 556 2760 cum
574 2696 643 2759 sole
660 2695 799 2778 reliquit,

70 2801 251 2883 ignarique
265 2801 339 2864 viae
357 2800 542 2884 Cyclopum
559 2800 743 2862 adlabimur
759 2799 833 2863 oris.

112 2906 230 2968 Portus
247 2905 289 2967 ab
306 2925 443 2968 accessu
460 2916 633 2968 ventorum
650 2904 805 2967 immotus
821 2914 854 2968 et
869 2906 988 2986 ingens

71 3012 167 3092 lpse;
193 3008 251 3071 sed
268 3009 427 3072 horrificis
444 3011 534 3071 iuxta
550 3018 644 3071 tonat
661 3009 772 3070 Aetna
789 3008 901 3085 ruinis,

72 3115 309 3196 Interdumque
327 3122 431 3175 atram
451 3113 637 3195 prorumpit
652 3113 694 3174 ad
712 3112 848 3174 aethera
863 3111 996 3187 nubem,

68 3219 216 3282 Turbine
233 3217 418 3280 fumantem
437 3218 531 3300 piceo
549 3227 581 3280 et
598 3216 761 3280 candente
778 3215 900 3291 favilla,

69 3322 269 3404 Attollitque
286 3322 402 3402 globos
419 3322 626 3384 flammarum
644 3330 676 3384 et
693 3320 800 3383 sidera
816 3317 949 3392 lambit;

70 3425 244 3489 Interdum
263 3427 416 3506 scopulos
434 3426 615 3507 avulsaque
630 3425 760 3488 viscera
776 3422 897 3487 montis

70 3530 178 3612 Erigit
195 3538 359 3605 eructans,
378 3530 624 3612 liquefactaque
641 3549 720 3592 saxa
736 3527 797 3591 sub
814 3548 912 3591 auras

69 3636 155 3700 Cum
172 3634 299 3715 gemitu
316 3633 486 3713 glomerat,
504 3633 675 3715 fundoque
691 3633 863 3696 exaestuat
879 3632 954 3695 imo.

71 3740 177 3803 Fama
193 3747 246 3801 est
264 3736 425 3799 Enceladi
441 3745 623 3799 semustum
640 3736 779 3800 fulmine
795 3755 916 3821 corpus

157 3847 275 3896 aarazu’s
285 3857 389 3892 haurio
396 3873 427 3882 -
436 3860 452 3912 7
