2580 4072
94 219 153 296 158
445 220 603 273 venetur
630 219 829 271 Aruernos

81 391 82 395 ¹
178 402 231 466 Sic
248 402 381 464 demum
398 400 491 462 lucos
509 400 623 483 Stygis
639 407 671 460 et
688 418 792 479 regna
806 396 896 459 invia
911 398 995 462 vivis

93 526 137 579 155
177 505 363 586 Aspicies.”
414 503 513 578 Dixit,
532 522 713 584 pressoque
730 502 894 565 obmutuit
910 521 975 565 ore.

221 716 357 778 Aeneas
374 721 500 776 maesto
517 712 643 774 defixus
661 710 785 773 lumina
799 711 892 773 vultu

180 819 378 900 Ingreditur,
396 817 549 899 linquens
567 825 706 888 antrum,
725 835 908 897 caecosque
925 817 1055 880 volutat

180 923 329 986 Eventus
349 921 459 982 animo
475 939 597 982 secum.
647 919 709 982 Cui
724 919 810 980 fidus
826 919 976 982 Achates

179 1027 210 1090 It
226 1046 346 1100 comes,
364 1035 397 1087 et
414 1024 547 1106 paribus
565 1023 652 1086 curis
668 1021 808 1103 vestigia
825 1023 905 1104 figit.

93 1145 138 1193 160
180 1130 286 1193 Multa
304 1130 389 1191 inter
405 1149 478 1191 sese
494 1127 584 1189 vario
604 1145 756 1188 sermone
774 1127 938 1202 serebant,

178 1236 287 1317 Quem
300 1233 425 1296 socium
438 1232 623 1294 exanimem
638 1239 739 1305 vates,
752 1231 839 1312 quod
853 1251 975 1313 corpus
988 1233 1153 1297 humandi

182 1339 323 1402 Diceret.
371 1338 485 1418 Atque
501 1336 546 1397 illi
568 1334 734 1397 Misenum
751 1333 783 1395 in
801 1334 895 1397 litore
911 1335 1009 1412 sicc0,

180 1445 228 1507 Ut
243 1463 373 1517 venere,
390 1441 504 1503 vident
521 1439 658 1520 indigna
678 1447 782 1500 morte
798 1450 1020 1521 peremptum,

182 1547 348 1609 Misenum
366 1547 539 1621 Aeoliden,
561 1567 625 1629 quo
643 1567 708 1609 non
727 1547 947 1628 praestantior
963 1547 1046 1610 alter

94 1662 138 1725 165
180 1651 270 1713 Aere
286 1651 371 1713 ciere
387 1651 483 1722 viros
504 1652 713 1732 Martemque
730 1650 912 1713 accendere
928 1661 1038 1713 cantu.

180 1756 336 1817 Hectoris
354 1755 405 1816 hic
423 1755 536 1835 magni
555 1754 664 1816 luerat
680 1775 800 1830 comes,
820 1755 969 1818 Hectora
985 1755 1111 1818 circum

180 1859 223 1922 Et
241 1859 321 1921 lituo
338 1879 469 1940 pugnas
485 1860 624 1940 insignis
642 1860 753 1923 obibat
769 1872 802 1924 et
818 1861 922 1925 hasta.

180 1964 358 2043 Postquam
377 1963 467 2024 illum
484 1963 552 2025 vita
568 1965 674 2027 victor
691 1965 843 2046 spoliavit
859 1965 1021 2041 Achilles,

183 2067 353 2129 Dardanio
370 2067 507 2129 Aeneae
524 2088 597 2130 sese
614 2069 814 2131 fortissimus
830 2070 929 2132 heros

95 2197 139 2244 170
181 2170 367 2233 Addiderat
384 2171 517 2244 socium,
537 2192 603 2233 non
620 2173 777 2236 inferiora
793 2184 936 2236 secutus.

181 2275 247 2338 Sed
264 2283 343 2348 tum,
362 2275 447 2336 forte
464 2295 545 2338 cava
563 2276 641 2337 dum
660 2288 816 2358 personat
832 2298 978 2360 aequora
993 2280 1131 2354 concha,

182 2379 330 2441 Demens
343 2388 376 2439 et
392 2389 490 2440 cantu
509 2390 604 2441 vocat
622 2381 654 2440 in
672 2381 853 2443 certamina
869 2381 973 2458 divoS,

180 2481 343 2545 Aemulus
359 2492 535 2563 exceptum
553 2483 680 2558 Triton,
698 2486 725 2546 si
742 2485 876 2548 credere
892 2485 1031 2568 dignum
1048 2496 1107 2562 est,

181 2587 274 2648 Inter
289 2607 368 2648 saxa
384 2586 489 2649 virum
509 2608 667 2669 spumosa
684 2588 889 2652 immerserat
904 2592 1004 2653 unda.

95 2712 140 2764 ¹75
226 2691 316 2772 Ergo
332 2711 447 2754 omnes
466 2711 587 2771 magno
605 2691 728 2754 circum
745 2695 888 2756 clamore
905 2695 1102 2769 fremebant,

180 2795 361 2876 Praecipue
379 2794 453 2876 pius
469 2795 613 2858 Aeneas.
661 2797 748 2859 Tum
764 2798 853 2861 iussa
869 2797 1027 2882 Sibyllae,

182 2899 284 2961 Haud
302 2919 401 2972 mora,
421 2900 581 2965 festinant
600 2903 728 2979 flentes,
745 2923 903 2986 aramque
919 2904 1064 2985 sepulcri
1125 2913 1127 2917 ’

181 3003 370 3083 congerere
387 3004 559 3068 arboribus
577 3009 736 3091 caeloque
752 3009 893 3071 educere
910 3017 1048 3071 certant.

182 3107 253 3170 Itur
270 3107 300 3169 in
319 3109 489 3191 antiquam
507 3112 633 3186 silvam,
651 3114 781 3176 stabula
798 3114 865 3176 alta
880 3112 1038 3188 ferarum,

94 3223 140 3273 180
180 3211 405 3275 Procumbunt
423 3216 545 3295 piceae.
565 3230 661 3280 sonat
677 3219 741 3280 icta
758 3217 928 3281 securibus
944 3216 1019 3292 ilex,

182 3316 431 3399 Fraxineaeque
448 3319 559 3382 trabes
576 3323 690 3384 cuneis
706 3332 739 3385 et
756 3321 856 3384 fissile
871 3320 973 3383 robur

181 3419 358 3487 Scinditur.
376 3422 557 3486 advolvunt
574 3424 728 3505 ingentes
745 3425 912 3489 montibus
927 3445 1037 3488 omos.

183 3524 255 3585 Nec
272 3545 337 3586 non
356 3525 491 3588 Aeneas
508 3548 609 3608 opera
626 3530 712 3592 inter
727 3529 805 3592 talia
821 3529 948 3611 primus

184 3627 347 3690 Hortatur
364 3629 479 3695 sotios„
499 3632 698 3714 paribusque
715 3634 899 3714 accingitur
915 3635 1025 3696 armis.

85 3740 134 3804 13,-
216 3732 334 3814 Atque
352 3733 434 3796 hacc
452 3735 522 3817 ipse
540 3756 599 3800 suo
616 3737 700 3800 tristi
717 3758 791 3801 cum
808 3737 909 3807 corde
924 3737 1061 3813 volutat,
