2534 4080
83 219 142 280 114
435 209 593 261 venem
621 209 819 262 nauarnos

111 426 113 431 π
166 389 262 470 Quae
279 388 423 462 tandem,
442 388 594 450 Ausonia
610 390 757 451 Teucros
773 389 946 453 considere
962 399 1056 466 terra,

78 519 125 571 350
165 493 293 554 Invidia
309 492 382 555 est?
429 493 473 554 Et
489 513 549 554 nos
566 494 617 554 fas
634 503 746 555 extera
763 513 921 574 quaerere
937 514 1049 575 regna.

167 596 222 659 Me
240 597 340 676 patris
358 596 537 670 Anchisae,
556 597 708 678 quotiens
725 597 914 660 umentibus
930 592 1054 660 umbris

167 702 243 762 Nox
259 701 365 781 operit
381 710 494 774 terras,
513 701 664 782 quotiens
681 711 771 763 astra
787 703 885 782 ignea
902 712 1049 784 surgunt,

164 805 336 867 Admonet
352 804 384 865 in
402 806 526 865 somnis
543 813 575 866 et
591 805 723 867 turbida
739 815 840 867 terret
855 806 984 886 imago;

167 910 223 970 Me
241 928 323 989 puer
340 908 506 970 Ascanius
523 908 707 991 capitisque
723 909 841 972 iniuria
858 910 934 984 cari,

78 1038 124 1090 355
166 1013 274 1094 Quem
292 1032 395 1092 regno
415 1013 600 1092 Hesperiae
617 1014 737 1075 fraudo
753 1023 785 1076 et
802 1014 960 1076 fatalibus
976 1014 1067 1078 arvis.

166 1117 264 1179 Nunc
281 1116 380 1179 etiam
398 1117 561 1196 interpres
578 1117 701 1191 divum,
720 1119 800 1181 Iove
817 1120 938 1180 missus
956 1119 998 1181 ab
1014 1118 1127 1200 ipso*

165 1223 284 1284 Testor
300 1230 477 1302 utrumque
494 1222 594 1301 caput
605 1223 782 1284 —celeres
800 1224 958 1285 mandata
974 1243 1033 1304 per
1048 1235 1134 1284 auras

166 1325 312 1400 Detulit;
337 1326 408 1406 ipse
425 1325 522 1395 deum
542 1326 720 1388 manifesto
737 1326 770 1387 in
786 1327 909 1390 lumine
924 1327 992 1389 vidi

167 1430 350 1491 Intrantem
368 1449 488 1503 muros,
506 1449 687 1511 vocemque
706 1431 756 1491 his
773 1430 907 1492 auribus
924 1430 1027 1494 hausi.

78 1546 125 1610 360
168 1534 292 1594 Desine
309 1553 427 1614 meque
443 1534 508 1594 tuis
525 1533 701 1595 incendere
718 1543 817 1616 teque
835 1535 998 1615 querelis:

167 1637 295 1698 Italiam
315 1657 381 1698 non
399 1646 517 1717 sponte
535 1637 685 1718 sequor,”

208 1741 303 1802 Talia
320 1741 484 1802 dicentem
501 1741 693 1802 iamdudum
710 1761 826 1804 aversa
842 1751 962 1818 tuetur,

167 1846 244 1906 Huc
260 1838 336 1906 illuc
352 1845 490 1906 volvens
506 1845 628 1920 oculos,
645 1854 818 1927 totumque
835 1857 985 1926 pererrat

167 1948 363 2010 Luminibus
380 1948 497 2023 tacitis
515 1958 548 2011 et
564 1949 610 2011 sic
627 1969 768 2011 accensa
785 1949 955 2030 profatur:

79 2066 124 2131 365
211 2059 227 2084 “
241 2054 312 2115 Nec
326 2053 383 2114 tibi
400 2053 475 2114 diva
493 2073 622 2133 parens,
637 2054 769 2133 generis
786 2073 847 2115 nec
866 2054 1045 2116 Dardanus
1057 2056 1161 2114 auctor,

167 2157 312 2231 Perfide;
337 2157 395 2219 sed
412 2156 501 2218 duris
518 2157 632 2237 genuit
648 2167 681 2218 te
698 2157 849 2219 cautibus
866 2158 1005 2220 horrens

168 2262 346 2334 Caucasus
367 2262 612 2344 Hyrcanaeque
630 2262 806 2324 admorunt
822 2262 924 2324 ubera
935 2263 1051 2343 tigres.

168 2367 254 2453 Nam
273 2365 350 2447 quid
368 2365 561 2426 dissimulo?
584 2375 640 2427 aut
657 2386 742 2447 quae
759 2385 811 2427 me
828 2366 869 2427 ad
887 2366 1012 2428 maiora
1027 2350 1161 2428 reservo?

169 2471 257 2531 Num
274 2468 352 2531 fletu
370 2468 531 2548 ingemuit
548 2470 683 2532 nostro?
707 2490 785 2531 num
804 2471 928 2531 lumina
944 2470 1054 2533 flexit?

80 2601 126 2651 370
169 2575 258 2634 Num
283 2572 434 2634 lacrimas
458 2574 565 2635 victus
593 2573 693 2648 dedit,
721 2583 777 2635 aut
809 2573 984 2636 miseratus
1015 2577 1161 2636 amantem

255 2676 325 2737 est?
1055 2749 1057 2753 ,

168 2782 263 2862 Quae
280 2779 399 2861 quibus
415 2781 624 2844 anteferam?
665 2782 735 2843 lam
753 2782 817 2842 iam
835 2802 895 2844 nec
913 2783 1055 2844 maxima
1072 2779 1152 2844 luno,

168 2887 240 2947 Nec
259 2883 435 2946 Saturnius
451 2885 533 2947 haec
550 2885 653 2947 oculis
670 2896 764 2966 pater
780 2885 898 2966 aspicit
915 2887 1038 2968 aequis.

169 2991 343 3070 Nusquam
360 2998 431 3051 tuta
448 2989 537 3050 fides
587 2990 739 3052 Eiectum
757 2990 860 3063 litore,
879 3000 1032 3070 egentem

169 3093 295 3174 Excepi
311 3103 343 3156 et
360 3092 453 3173 regni
470 3092 607 3155 demens
623 3093 656 3154 in
675 3104 767 3174 parte
785 3093 908 3168 locavi;

81 3210 127 3276 373
169 3198 338 3260 Amissam
356 3199 506 3271 classem,
525 3198 631 3259 socios
648 3219 667 3259 a
684 3207 788 3260 morte
805 3197 928 3259 reduxi.

215 3303 321 3365 “Heu
337 3303 432 3364 furiis
448 3301 584 3363 incensa
600 3303 705 3365 feror!
754 3303 852 3363 Nunc
870 3321 976 3381 augur
993 3299 1121 3382 Apollo,

171 3407 269 3468 Nunc
288 3407 411 3490 Lyciae
428 3415 542 3479 sortes,
561 3426 649 3468 nunc
667 3417 700 3468 et
718 3407 795 3468 love
812 3405 931 3467 missus
948 3406 990 3468 ab
1007 3405 1078 3486 ipso

172 3512 341 3590 interpres
358 3512 468 3574 divum
487 3510 552 3570 fert
569 3510 701 3573 horrida
717 3512 805 3572 iussa
823 3530 881 3590 per
897 3530 1004 3572 auras.

172 3613 304 3678 Scilicet
321 3615 347 3676 is
365 3613 493 3695 superis
510 3612 602 3675 labor
619 3624 678 3688 est,
697 3634 736 3675 ea
754 3634 831 3675 cura
849 3613 977 3695 quietos

83 3730 130 3792 380
172 3716 342 3782 Sollicitat,
364 3761 365 3765 ,
392 3720 510 3799 Neque
528 3728 559 3779 te
577 3728 683 3793 teneo,
702 3737 810 3799 neque
827 3718 912 3779 dicta
931 3719 1065 3793 refello;
