2534 4080
328 695 365 768 P.
404 694 634 767 VERGILI
678 694 879 766 MARON
888 692 934 765 IS

426 905 836 998 AENEIDOS

436 1187 581 1248 LIBER
611 1186 821 1249 TERTIUS
937 1269 962 1288 .-
1056 1181 1061 1192 ’

210 1357 387 1437 Postquam
405 1374 456 1416 res
474 1354 577 1415 Asiae
596 1354 780 1434 Priamique
798 1361 947 1416 evertere
964 1363 1090 1434 gentem

168 1460 370 1521 Immeritam
387 1459 493 1520 visum
511 1459 648 1537 superis,
667 1457 852 1538 ceciditque
869 1457 1047 1538 superbum

169 1565 265 1624 Ilium
282 1573 314 1625 et
331 1563 437 1624 omnis
454 1562 555 1623 humo
572 1562 680 1623 fumat
698 1561 869 1642 Neptunia
885 1562 994 1636 Troia,

169 1667 309 1729 Diversa
325 1665 439 1728 exsilia
455 1676 487 1728 et
504 1665 653 1728 desertas
670 1684 828 1745 quaerere
844 1674 950 1727 terras

165 1766 325 1847 Auguriis
341 1767 470 1846 agimur
486 1747 607 1840 divum,
625 1766 832 1846 classemque
850 1765 911 1827 sub
929 1766 1001 1847 ipsa

72 1927 76 1936 .
166 1870 342 1933 Antandro
359 1879 392 1932 et
410 1869 573 1953 Phrygiae
591 1869 744 1931 molimur
760 1869 927 1931 montibus
946 1871 1035 1944 Idae,

167 1976 298 2049 Incerti,
317 1995 382 2055 quo
400 1975 469 2037 iata
487 1975 605 2049 ferant,
624 1973 680 2035 ubi
697 1973 813 2035 sistere
830 1973 941 2048 detur,·

166 2079 466 2160 Contrahimusque
483 2079 579 2141 viros
627 2079 691 2142 Vix
708 2079 815 2158 prima
832 2077 1002 2159 inceperat
1019 2084 1121 2144 aestas

167 2184 210 2244 Et
227 2193 321 2264 pater
337 2183 503 2245 Anchises
521 2184 599 2245 dare
616 2182 695 2245 fatis
711 2183 786 2244 vela
802 2181 955 2244 iubebat:

167 2287 281 2348 Litora
298 2307 371 2349 cum
391 2287 515 2367 patriae
533 2288 708 2350 lacrimans
726 2296 907 2367 portusque
924 2287 1070 2368 relinquo

168 2393 210 2454 Et
226 2411 372 2472 campos,
391 2390 446 2453 ubi
462 2392 562 2453 Troia
579 2391 650 2453 fuit.
700 2392 803 2453 Feror
818 2390 911 2452 exsul
927 2391 960 2452 in
974 2391 1072 2453 altum

166 2497 249 2560 Cum
268 2495 364 2557 sociis
381 2505 524 2577 natoque
543 2495 721 2557 Penatibus
739 2504 771 2557 et
788 2494 918 2575 magnis
935 2494 995 2557 dis.

209 2706 313 2767 Terra
330 2703 445 2785 procul
462 2706 564 2766 vastis
581 2704 700 2766 colitur
718 2703 881 2766 Mavortia
899 2704 1073 2785 campis—

164 2810 312 2871 Thraces
329 2818 424 2870 arant
435 2845 477 2853 -
488 2810 554 2870 acri
571 2808 738 2889 quondam
756 2817 896 2888 regnata
914 2808 1073 2891 Lycurgo

80 2939 108 2991 15
168 2912 359 2994 Hospitium
377 2912 549 2994 antiquum
567 2912 685 2975 Troiae
703 2912 848 2993 sociique
867 2913 1017 2988 Penates,

168 3018 257 3078 Dum
276 3017 423 3078 Fortuna
441 3017 511 3078 fuit.
561 3018 663 3079 Feror
681 3018 753 3092 huc,
772 3026 804 3079 et
821 3016 915 3078 litore
933 3036 1032 3078 curvo

168 3120 303 3183 Moenia
320 3120 425 3201 prima
441 3122 523 3196 loco,
542 3122 619 3184 fatis
637 3122 806 3202 ingressus
823 3120 953 3202 iniquis,

166 3226 411 3307 Aeneadasque
428 3245 501 3288 meo
519 3247 638 3288 nomen
656 3227 696 3288 de
714 3226 846 3287 nomine
864 3225 962 3306 fingo

210 3330 312 3393 Sacra
331 3330 500 3392 Dionaeae
518 3331 613 3392 matri
631 3330 780 3412 divisque
799 3329 947 3392 ferebam

79 3460 109 3495 20
167 3433 369 3516 Auspicibus
386 3444 577 3514 coeptorum
596 3455 743 3515 operum,
762 3455 950 3516 superoque
966 3435 1115 3496 nitentem

166 3538 366 3600 Caelicolum
385 3538 455 3619 regi
471 3531 663 3600 mactabam
674 3539 706 3599 in
724 3539 816 3600 litore
835 3549 975 3600 taurum.

167 3643 265 3703 Forte
283 3642 345 3703 fuit
361 3644 450 3704 iuxta
467 3642 623 3714 tumulus
642 3663 707 3723 quo
724 3662 844 3704 cornea
861 3664 991 3706 summo

585 3769 589 3777 ·
614 3753 646 3801 80
