2534 4080
393 111 507 162 LIBER
532 111 701 164 TERTIUS

82 289 139 352 llle
155 289 249 365 haec,
267 289 418 370 deposita
433 289 568 352 tandem
584 269 769 364 formidine,
787 289 895 352 fatur:

67 424 71 434 ·
121 394 234 457 “Sum
253 392 358 474 patria
375 413 414 455 ex
432 394 557 468 Ithaca,
575 413 686 457 comes
703 392 845 455 infelicis
863 392 962 468 Ulixi,

81 497 223 560 Nomine
241 497 519 572 Achaemenides,
538 497 672 559 Troiam
689 496 839 577 genitore
856 496 1042 560 Adamasto

32 622 43 673 5
81 602 229 682 Paupere
240 637 282 646 —
293 601 535 683 mansissetque
552 601 677 664 utinam
694 601 846 663 fortuna!
858 638 900 646 -
912 602 1091 683 profectus

80 705 143 767 Hic
161 725 224 780 me,
242 706 321 767 dum
338 705 458 786 trepidi
474 705 620 768 crudelia
637 705 750 767 limina
766 705 928 788 linquunt,

79 809 296 872 Immemores
313 809 392 872 socii
408 818 501 872 vasto
519 809 676 893 Cyclopis
692 809 724 871 in
742 818 837 873 antro

80 913 277 976 Deseruere.
325 913 454 975 Domus
471 913 563 976 sanie
579 913 786 996 dapibusque
802 913 956 989 cruentis,

79 1013 173 1076 Intus
191 1033 306 1095 opaca,
325 1013 452 1093 ingens.
502 1014 580 1095 ipse
598 1014 730 1089 arduus,
748 1014 880 1096 altaque
898 1014 1008 1096 pulsat

32 1138 42 1172 a
79 1117 248 1181 Sidera—
259 1119 313 1193 Di,
329 1118 429 1180 talem
446 1117 542 1180 terris
558 1108 696 1180 avertite
714 1127 842 1199 pestem
855 1118 861 1180 !
872 1154 916 1164 -

80 1221 149 1285 Nec
166 1220 240 1284 visu
258 1221 365 1284 facilis
382 1242 443 1284 nec
460 1221 549 1284 dictu
566 1221 721 1284 adfabilis
738 1222 803 1284 ulli.

78 1325 268 1389 Visceribus
285 1325 480 1388 miserorum
496 1334 529 1388 et
546 1326 707 1407 sanguine
723 1326 867 1389 vescitur
884 1336 963 1390 atro.

78 1430 152 1492 Vidi
169 1439 311 1510 egomet,
330 1431 395 1492 duo
412 1430 453 1492 de
470 1450 607 1492 numero
624 1450 699 1492 cum
716 1450 856 1511 corpora
871 1440 985 1495 nostro

80 1533 202 1596 Prensa
218 1554 319 1596 manu
336 1554 458 1615 magna
475 1534 584 1597 medio
600 1534 777 1615 resupinus
792 1535 825 1596 in
843 1544 938 1597 antro

31 1656 42 1706 5
80 1638 264 1719 Frangeret
280 1638 321 1700 ad
338 1658 462 1713 saxum,
481 1639 639 1720 sanieque
656 1658 814 1719 exspersa
829 1647 983 1702 natarent

80 1742 228 1817 Limina;
253 1742 320 1804 vidi
336 1752 407 1805 atro
424 1763 498 1804 cum
517 1741 665 1828 membra
682 1742 819 1805 fluentia
834 1743 912 1805 tabo

79 1846 264 1922 Manderet,
282 1831 315 1909 et
331 1846 436 1928 tepidi
452 1856 632 1909 tremerent
649 1847 710 1909 sub
728 1846 883 1909 dentibus
899 1857 998 1910 artus.

80 1949 179 2013 Haud
196 1950 332 2032 impune
349 1951 500 2033 quidem;
525 1970 587 2012 nec
604 1950 681 2013 talia
698 1971 817 2033 passus
835 1951 960 2026 UlixeS,

79 2054 252 2117 Oblitusve
269 2054 319 2116 sui
334 2064 386 2117 est
404 2055 539 2118 Ithacus
556 2055 743 2117 discrimine
760 2063 860 2117 tanto

32 2175 43 2209 0
80 2159 165 2220 Nam
183 2159 280 2221 simul
296 2159 447 2241 expletus
464 2158 605 2241 dapibus
621 2159 765 2240 vinoque
782 2160 931 2240 sepultus

79 2263 248 2326 Cervicem
264 2262 417 2326 inflexam
436 2263 554 2344 posuit,
572 2262 736 2344 iacuitque
753 2282 813 2344 per
829 2272 960 2325 antrum

79 2367 275 2456 Immensus,
294 2367 418 2430 saniem
438 2349 592 2430 eructans
610 2376 643 2429 et
659 2367 766 2429 irusta
782 2376 919 2429 cruento

79 2471 139 2534 Per
155 2492 308 2534 somnum
326 2471 502 2534 commixta
519 2491 619 2545 mero,
638 2490 708 2544 nos,
726 2491 849 2550 magna
865 2470 992 2551 precati

80 2575 226 2637 Numina
242 2575 414 2657 sortitique
431 2575 529 2650 vices,
548 2594 616 2637 una
630 2573 776 2655 undique
791 2573 913 2636 circum

32 2696 42 2746 5
79 2679 271 2756 Fundimur,
289 2689 322 2742 et
337 2680 403 2743 telo
420 2679 531 2742 lumen
548 2678 754 2742 terebramus
770 2686 877 2752 acuto,

79 2782 211 2865 Ingens
230 2785 318 2867 quod
334 2793 428 2847 torva
444 2785 550 2847 solum
569 2783 629 2846 sub
646 2783 756 2846 fronte
773 2781 905 2858 latebat,

78 2888 227 2969 Argolici
244 2888 341 2971 clipei
357 2899 414 2951 aut
432 2888 606 2951 Phoebeae
624 2887 787 2970 lampadis
803 2886 916 2962 instar,

79 2991 121 3054 Et
136 2992 273 3054 tandem
290 2993 368 3055 laeti
385 2994 547 3055 sociorum
564 2992 752 3056 ulciscimur
768 2992 911 3054 umbras.

122 3096 218 3160 “Sed
235 3096 351 3178 fugite,
369 3118 388 3160 o
404 3098 523 3173 miseri,
542 3097 658 3178 fugite,
676 3105 776 3178 atque
792 3095 834 3157 ab
851 3095 945 3158 litore
962 3094 1076 3156 funem

32 3219 43 3253 ο
80 3200 246 3282 Rumpite.

80 3289 166 3366 Nam
183 3304 290 3386 qualis
307 3315 516 3388 quantusque
532 3325 614 3368 cavo
633 3304 857 3389 Polyphemus
872 3301 906 3364 in
923 3310 1019 3364 antro

80 3408 263 3490 Lanigeras
279 3409 402 3472 claudit
418 3410 564 3491 pecudes
580 3419 681 3490 atque
697 3408 799 3470 ubera
815 3415 954 3489 pressat,

80 3512 220 3576 Centum
238 3513 293 3576 alii
309 3534 409 3577 curva
426 3515 508 3576 haec
525 3512 676 3575 habitant
693 3513 734 3575 ad
751 3511 847 3575 litora
862 3512 964 3592 vulgo

82 3616 217 3679 lniandi
234 3618 398 3702 Cyclopes
414 3628 448 3682 et
464 3617 539 3680 altis
555 3617 724 3684 montibus
740 3626 861 3685 errant.
