2534 4080
77 200 118 264 92
433 171 592 243 veroni
617 190 816 244 Aruernos
876 249 879 252 ,

166 370 285 452 Longa
302 371 416 450 procul
433 370 541 450 longis
557 371 610 432 via
627 370 742 433 dividit
758 372 846 433 invia
862 371 967 434 terris.

165 473 257 536 Ante
273 484 307 536 et
322 473 495 536 Trinacria
512 475 689 538 lentandus
705 495 815 537 remus
833 476 866 537 in
884 475 981 552 unda,

78 591 124 658 385
168 579 211 640 Et
228 579 305 640 salis
322 578 464 641 Ausonii
481 579 686 640 lustrandum
705 579 844 641 navibus
860 600 983 661 aequor

166 682 360 764 infernique
378 683 468 744 lacus
486 684 686 764 Aeaeaeque
704 683 811 745 insula
828 684 953 760 Circae,

166 787 275 868 Quam
293 796 364 848 tuta
381 788 488 868 possis
505 786 619 848 urbem
638 807 838 869 componere
854 798 951 853 terra.

166 890 271 971 Signa
287 891 346 953 tibi
362 891 488 966 dicam;
513 900 548 952 tu
566 891 699 953 condita
717 901 826 954 mente
842 901 973 955 teneto:

166 994 251 1058 Curn
266 994 326 1056 tibi
343 995 482 1057 sollicito
499 994 617 1056 secreti
634 995 675 1056 ad
693 995 836 1057 fluminis
854 997 976 1059 undam

79 1124 125 1174 390
168 1097 309 1160 Litoreis
325 1097 444 1179 ingens
461 1098 596 1160 inventa
612 1099 672 1161 sub
690 1099 817 1161 ilicibus
834 1120 890 1162 sus

166 1202 318 1282 Triginta
334 1202 479 1284 capitum
497 1194 586 1265 fetus
603 1203 698 1266 enixa
714 1203 843 1279 iacebit,

168 1307 265 1382 Alba,
284 1308 353 1369 solo
370 1307 542 1383 recubans
561 1307 627 1369 albi
643 1307 767 1371 circum
784 1308 887 1371 ubera
903 1311 980 1386 nati,

168 1411 201 1471 ls
218 1411 309 1473 locus
326 1411 416 1473 urbis
433 1411 502 1486 erit,
522 1411 652 1492 requies
668 1431 708 1474 ea
724 1422 814 1474 certa
831 1413 989 1475 laborum.

49 1588 52 1593 Ι
168 1514 239 1576 Nec
255 1524 290 1575 tu
309 1535 497 1577 mensarum
515 1536 644 1577 morsus
661 1515 815 1578 horresce
833 1517 979 1594 futuros;

80 1642 125 1695 395
168 1618 253 1679 Fata
268 1619 355 1679 viam
373 1619 541 1681 invenient
559 1620 729 1701 aderitque
746 1631 882 1682 vocatus
900 1623 1030 1702 Apollo.

212 1723 314 1782 “Has
331 1732 442 1784 autem
459 1733 572 1798 terras,
592 1723 734 1804 Italique
750 1725 836 1787 hanc
853 1725 956 1787 litoris
972 1745 1069 1798 oram,

160 1800 318 1887 Proxima
335 1846 419 1907 quae
437 1829 541 1889 nostri
559 1828 770 1907 pertunditur
786 1828 938 1911 aequoris
955 1840 1054 1904 aestu,

169 1929 310 2009 Effuge;
336 1941 455 1993 cuncta
473 1931 567 1992 malis
584 1932 775 1994 habitantur
792 1932 922 1995 moenia
938 1934 1041 1997 Grais.

169 2033 233 2096 Hic
251 2043 283 2095 ct
301 2035 435 2117 Narycii
453 2045 636 2115 posuerunt
653 2035 782 2098 moenia
801 2038 906 2112 Locri,

42 2176 45 2180 -
80 2164 126 2208 400
168 2138 211 2198 Et
229 2137 430 2200 Sallentinos
446 2138 575 2201 obsedit
592 2139 693 2201 milite
710 2160 847 2220 campos

169 2240 305 2323 Lyctius
324 2241 542 2318 Idomeneus;
568 2243 620 2304 hic
638 2243 692 2304 illa
709 2244 802 2306 ducis
822 2244 978 2307 Meliboei

168 2345 273 2406 Parva
290 2344 493 2408 Philoctetae
511 2347 649 2408 subnixa
667 2348 790 2409 Petelia
807 2368 913 2415 muro,

92 2497 95 2502 .
168 2448 267 2529 Quin,
285 2448 341 2509 uhi
357 2450 571 2512 transmissae
589 2451 740 2513 steterint
754 2461 847 2514 trans
864 2471 1008 2534 aequora
1023 2452 1136 2514 classes

168 2552 211 2613 Et
228 2552 342 2632 positis
359 2551 423 2614 aris
441 2553 505 2614 iarn
523 2565 600 2617 vota
616 2556 649 2615 in
666 2555 760 2617 litore
777 2556 894 2629 solves,

81 2682 127 2734 405
170 2657 339 2737 Purpureo
356 2657 465 2720 velare
483 2679 594 2721 comas
612 2659 791 2739 adopertus
808 2660 939 2736 amictu,

169 2761 220 2822 Ne
237 2782 302 2843 qua
318 2762 403 2823 inter
420 2772 552 2824 sanctos
569 2764 663 2844 ignes
679 2765 711 2824 in
729 2763 854 2826 honore
870 2764 1007 2827 deorum

170 2865 309 2927 Hostilis
326 2866 429 2928 facies
446 2877 597 2928 occurrat
613 2877 644 2929 et
662 2867 772 2929 omina
788 2867 907 2931 turbet.

168 2970 269 3031 Hunc
286 2970 365 3032 socii
382 2991 506 3032 morem
524 2991 700 3047 sacrorum,
718 2972 807 3034 hunc
823 2973 894 3053 ipse
910 2983 1041 3036 teneto:

168 3074 242 3136 Hac
259 3073 342 3136 casti
358 3083 516 3136 maneant
532 3073 565 3134 in
583 3076 741 3156 religione
759 3086 904 3157 nepotes.

78 3203 125 3250 410
211 3183 228 3209 ‘⁴
241 3178 305 3240 Ast
322 3179 378 3241 ubi
394 3180 580 3259 digressum
600 3180 729 3243 Siculae
747 3190 779 3242 te
796 3181 979 3244 admoverit
994 3200 1071 3244 orae

166 3282 296 3345 Ventus
312 3293 344 3346 et
361 3283 494 3364 angusti
511 3294 680 3346 rarescent
696 3285 840 3346 claustra
858 3285 973 3361 Pelori,

168 3386 280 3450 Laeua
295 3387 354 3450 tibi
369 3389 467 3451 tellus
484 3396 516 3448 ct
534 3387 633 3467 longo
650 3390 744 3451 laeua
760 3400 917 3470 petantur

167 3490 326 3572 Aequora
342 3491 499 3566 circuitu;
524 3490 673 3555 dextrum
693 3494 773 3573 fuge
790 3494 867 3556 litus
884 3504 916 3556 et
933 3495 1048 3558 undas.

168 3595 263 3656 Haec
280 3595 399 3658 locavi
415 3588 583 3677 quondam
601 3606 634 3658 et
650 3606 744 3658 vasta
761 3598 920 3660 convulsa
937 3598 1084 3662 ruina—-

79 3725 125 3776 4¹5
164 3700 311 3761 Tantum
328 3698 400 3760 aevi
417 3697 599 3778 longinqua
616 3700 702 3762 valet
721 3709 847 3764 mutare
866 3712 1013 3766 vetustas
1024 3740 1066 3748 —
